4359 6321
1241 587 1425 683 ιςο
1728 556 1897 647 DE
1957 546 2549 645 ORATORE
2617 536 2996 638 LIBER
3062 548 3559 640 PRIMUS.

1113 681 1314 751 versis
1372 672 1634 759 studiis,
1689 677 1760 746 &c
1818 672 2112 759 artibuS,
2158 670 2409 738 tametfi
2464 666 2598 758 ipse
2650 690 2721 736 es
2774 671 3000 736 omnia
3051 668 3487 756 consecutuS,
3542 685 3769 739 tamen
3826 672 3909 741 ab
3956 696 4091 749 ora.

1116 786 1278 850 toris
1336 778 1602 868 proprio
1654 776 1868 845 officio
1917 793 2112 865 atque
2162 794 2445 841 munere
2494 769 2789 849 sejunffia
2839 769 2975 836 esse
3030 767 3341 836 arbitror.

1221 884 1439 949 LXII.
1495 882 1656 947 Haec
1713 901 1872 947 cum
1923 878 2257 945 Antonius
2307 870 2620 959 dixisset,
2673 872 2828 939 sane
2880 866 3173 937 dubitare
3228 870 3401 937 visus
3455 870 3549 939 est
3616 874 3947 966 Sulpicius
4016 885 4089 955 δε

1113 988 1353 1069 Cotta,
1407 982 1617 1049 utrius
1671 982 1880 1050 oratio
1932 978 2195 1069 propius
2248 977 2328 1043 ad
2381 964 2739 1043 veritatem'
2778 972 3117 1041 videretur
3168 970 3519 1041 accedere.

1219 1088 1406 1153 Tum
1460 1082 1790 1168 Crassus,
1847 1080 2245 1169 operarium
2298 1074 2479 1145 nobis
2528 1074 2863 1166 quendam
2905 1127 2926 1158 ,
2978 1074 3280 1157 Antoni,
3332 1090 3663 1146 oratorem
3718 1080 3889 1151 facis
3929 1112 3954 1172 ‚-
4007 1102 4097 1153 at..

1117 1209 1246 1279 que
1295 1186 1474 1255 haud
1531 1182 1704 1271 scio,
1756 1202 1842 1248 an
1897 1182 2084 1249 aliter
2140 1181 2423 1265 sentiaS,
2475 1180 2544 1247 &
2604 1196 2789 1245 utare
2843 1195 2957 1243 tua
3011 1174 3129 1241 illa
3182 1174 3465 1243 mirifica
3518 1178 3601 1246 ad
3654 1183 4098 1257 refellendum

1117 1284 1586 1355 consuetudine
1627 1338 1649 1369 ,
1697 1304 1831 1373 qua
1885 1281 2002 1349 tibi
2053 1302 2251 1350 nemo
2304 1300 2607 1370 unquam
2658 1278 2944 1367 praestitit
2984 1305 3008 1340 .-
3076 1278 3271 1357 cujus
3322 1280 3594 1369 quidem
3642 1282 3843 1372 ipfius
3894 1287 4097 1357 facul-

1113 1390 1270 1455 tatis
1323 1388 1717 1455 exercitatio
1765 1404 2113 1452 orat-orum
2164 1382 2427 1473 proptia
2476 1382 2573 1448 est
2621 1433 2640 1467 ,
2691 1379 2801 1448 sed
2858 1381 2993 1459 jam
3045 1380 3113 1447 in
3168 1380 3706 1469 philosophorum
3762 1389 4102 1459 consuetu.

1112 1492 1264 1556 dine
1315 1486 1618 1555 versatur
1661 1538 1682 1573 ,
1753 1487 2181 1577 maximeque
2230 1506 2463 1577 eorum
2508 1539 2527 1572 ,
2597 1484 2710 1572 qui
2762 1482 2839 1551 de
2889 1483 3072 1549 omni
3126 1502 3193 1549 re
3246 1484 3563 1571 propofita
3622 1488 3691 1555 in
3746 1508 4102 1585 utramque

1115 1607 1380 1681 partem
1433 1590 1646 1656 {olent
1702 1588 2128 1677 copiofiffime
2175 1587 2387 1655 dicere
2429 1636 2446 1653 .
2515 1588 2778 1654 Verum
2846 1605 2973 1675 ego
3050 1605 3183 1651 non
3239 1584 3457 1652 solum
3511 1586 3870 1660 arbitrabar
3913 1648 3935 1680 ,
4004 1596 4100 1663 his

1111 1690 1485 1782 praesertim
1543 1688 1960 1757 audientibus
1999 1745 2023 1781 ,
2072 1711 2110 1757 a
2165 1712 2271 1757 me
2326 1689 2679 1757 informari
2728 1706 3071 1775 oportere,
3122 1684 3337 1775 qualis
3388 1687 3526 1755 esse
3576 1692 3787 1778 posset
3836 1697 3935 1780 is,
3990 1696 4104 1784 qui

1113 1792 1436 1861 habitaret
1494 1791 1562 1857 in
1619 1789 1933 1859 subselliis
1973 1846 1994 1877 ,
2049 1812 2261 1882 neque
2316 1790 2691 1881 quidquam
2746 1788 3032 1877 amplius
3086 1787 3349 1854 afferret
3386 1841 3406 1873 ,
3456 1812 3657 1877 quam
3706 1796 3884 1883 quod
3942 1818 4110 1863 cau-

1119 1894 1350 1962 sarum
1403 1890 1732 1961 neceffitas
1786 1893 2138 1983 postularet
2179 1920 2195 1959 :
2268 1894 2374 1961 led
2426 1895 2646 1970 majus
2696 1893 3011 1980 quiddam
3066 1889 3371 1957 videbam'
3420 1943 3439 1975 ,
3488 1914 3647 1958 cum
3698 1893 4041 1962 censebam
4088 1950 4110 1981 ,

1113 2012 1454 2075 oratorem,
1490 2048 1512 2083 ,
1567 1994 1918 2082 praesertim
1970 1996 2037 2063 in
2093 1995 2309 2063 nostra
2364 1994 2695 2082 republica
2736 2044 2757 2078 ,
2828 1990 3086 2060 nullius
3136 1997 3512 2059 ornamenti
3584 2011 3921 2081 expertem
3973 1996 4110 2064 esse

1113 2114 1407 2185 oportere
1453 2147 1471 2163 .
1551 2098 1663 2162 Tu
1719 2113 1942 2163 autem
1980 2148 2003 2183 ‚
2075 2098 2393 2185 quoniam
2445 2097 2710 2183 exiguis
2782 2092 3176 2185 quibusdam
3236 2092 3478 2161 finibus
3552 2114 3773 2167 totum
3826 2101 4107 2167 oratoris

1117 2218 1370 2267 munus
1418 2196 1950 2282 circumdedisti,
2001 2199 2126 2264 hoc
2183 2196 2447 2265 facilius
2502 2196 2685 2263 nobis
2735 2216 3023 2285 expones
3076 2216 3191 2279 ea,
3243 2218 3384 2282 quae
3438 2194 3546 2262 abs
3602 2216 3665 2263 te
3715 2200 3794 2264 de
3846 2200 4108 2286 officiiS,

1117 2298 1581 2391 praeceptisque
1635 2298 1915 2365 oratoris
1971 2298 2237 2389 quaefita
2290 2298 2484 2366 sunt:
2544 2298 2649 2364 sed
2680 2350 2701 2381 ,
2750 2301 3029 2386 opinor,
3082 2295 3447 2367 secundum
3498 2300 3681 2365 hunc
3734 2303 3951 2367 dlem.
4001 2306 4113 2368 Sa-

1117 2404 1200 2467 tis
1251 2404 1432 2471 enim
1481 2401 1703 2468 multa
1770 2422 1808 2465 a
1863 2399 2054 2476 nobis
2104 2396 2297 2465 hodie
2342 2399 2515 2465 dista
2568 2398 2720 2464 sunt
2767 2444 2783 2461 .
2856 2410 3055 2484 (27)
3130 2402 3327 2465 Nunc
3403 2403 3473 2467 &
3535 2404 3821 2469 Scaevola
3861 2457 3880 2488 ,
3958 2423 4115 2491 quo-

1116 2507 1304 2571 niam
1358 2505 1430 2568 in
1481 2496 1956 2567 Tusculanum
2003 2500 2098 2563 ire
2147 2498 2525 2581 constituit,
2582 2498 2853 2584 paulum
2908 2498 3311 2587 requiescet,
3362 2499 3521 2565 dum
3582 2504 3643 2569 se
3698 2504 3883 2571 calor
3937 2506 4119 2573 fran-

1118 2619 1230 2689 gat
1262 2625 1282 2661 :
1347 2602 1415 2665 &
1476 2620 1592 2663 nos
1643 2596 1805 2683 ipfi,
1855 2597 2176 2684 quoniam
2230 2595 2299 2662 id
2341 2599 2660 2685 temporis
2714 2600 2848 2686 est,
2903 2600 3279 2669 valetudini
3320 2600 3557 2669 demus
3608 2624 3916 2692 operam.

1223 2697 1479 2766 Placuit
1534 2696 1620 2762 fic
1673 2696 1982 2763 omnibus
2027 2744 2045 2764 .
2118 2698 2305 2764 Tum
2356 2699 2650 2766 scaevola
2690 2753 2711 2784 ,
2786 2707 2957 2767 Sane
2998 2754 3019 2785 ,
3068 2704 3283 2791 inquit
3328 2756 3350 2787 ,
3406 2706 3649 2773 vellem
3704 2728 3836 2773 non
3890 2704 4125 2773 consti·

1118 2794 1386 2871 tuissern
1429 2850 1451 2883 ,
1519 2798 1725 2884 (28)
1799 2796 1868 2861 in
1921 2795 2391 2869 Tusculanum
2444 2818 2551 2863 me
2600 2798 2792 2864 hodie
2844 2815 3206 2865 venturum
3256 2802 3396 2868 esse
3438 2856 3457 2888 ,
3512 2808 3773 2871 Laelio:
3848 2806 4127 2874 libenter

1125 2902 1432 2967 audirem
1482 2898 1857 2965 Antonium
1897 2922 1914 2962 ε
1970 2900 2089 2985 δε,
2139 2920 2301 2966 cum
2350 2896 2773 2986 exsurgeret,
2828 2898 3021 2964 fimul
3075 2901 3417 2989 arridens,
3470 2906 3703 2991 Neque
3750 2909 3973 2991 euim,
4028 2910 4135 2974 in-

1121 3001 1304 3087 quit,
1357 3017 1501 3064 tam
1557 2998 1722 3064 mihi
1773 2998 2085 3067 molestus
2143 2998 2311 3084 fuit,
2360 2998 2533 3088 quod
2586 3000 2689 3077 jus
2744 3000 3040 3068 nostrum
3091 2999 3287 3067 civile
3336 3004 3646 3091 pervellit
3689 3057 3712 3088 ,
3760 3023 3968 3091 quam
4026 3010 4147 3083 iu·

1131 3100 1438 3187 cunduS,
1486 3097 1659 3188 quod
1713 3097 1778 3166 se
1828 3098 1896 3167 id
1944 3102 2200 3170 nescire
2249 3098 2595 3169 confessus
2646 3100 2775 3169 est.

3776 3336 4124 3364 ...Ἥ

1209 3433 1372 3493 (27)
1411 3437 1577 3486 Nunc
1614 3423 1684 3492 όν
1721 3427 1958 3483 Scaewla
1988 3429 2017 3489 )
2069 3425 2195 3482 Cur
2251 3424 2307 3482 iu
2348 3423 2434 3482 his
2471 3426 2587 3482 dia-
2700 3465 2737 3490 „
2778 3423 3059 3481 hominem
3099 3424 3154 3480 id
3192 3425 3364 3482 aetatis
3403 3424 3461 3482 in
3504 3441 3607 3480 tam
3660 3427 3829 3496 longo
3886 3422 4133 3480 sermone

1140 3501 1272 3568 logis
1311 3499 1426 3556 non
1467 3497 1670 3570 perstet
1709 3497 1948 3554 Scaevola
1974 3538 1992 3562 ,
2041 3493 2246 3552 causam
2282 3494 2433 3554 affert
2472 3495 2589 3569 ipse
2694 3535 2733 3561 „
2770 3496 2969 3552 diutius
3022 3496 3323 3554 retinuitl'et
3359 3537 3376 3552 .
3428 3497 3608 3553 Multo
3661 3517 3761 3566 ego
3812 3495 3972 3552 satius
4026 3493 4131 3572 lroc

1137 3569 1350 3630 ‘tullius
1385 3571 1482 3626 lib.
1509 3589 1594 3626 tv.
1631 3568 1698 3624 ad
1735 3569 1992 3626 Atticum
2029 3567 2189 3639 epist.
2223 3581 2305 3626 16.
2348 3610 2385 3635 ‚,
2482 3568 2589 3626 uod
2694 3607 2733 3633 „
2774 3565 2913 3624 mihi
2950 3570 3251 3626 cavendum
3290 3567 3480 3639 putavi
3521 3567 3581 3624 in
3619 3569 3857 3626 saevom
3892 3587 3913 3630 ‚-
3950 3584 4040 3644 qut
4076 3573 4133 3644 ᾷε

1148 3681 1184 3704 ,,
1215 3641 1279 3702 jn
1320 3641 1383 3694 iis
1421 3639 1573 3697 libris
1608 3681 1627 3704 ‚
1682 3658 1814 3710 quos
1852 3638 2025 3696 laudas
2055 3679 2072 3704 ‚
2127 3638 2412 3710 personam
2522 3639 2592 3697 si-
2696 3679 2737 3704 „
2774 3658 2931 3696 aetate
2968 3645 3023 3696 δε
3046 3641 3358 3696 valetudiue
3394 3655 3579 3696 eratea
3606 3683 3617 3704 ,
3668 3658 3769 3710 qua
3806 3635 4131 3716 meministi.

1150 3750 1183 3775 ‚‚
1222 3708 1370 3762 deras
1421 3710 1728 3786 Scaevolaes
1786 3727 2054 3786 nonqeam
2092 3728 2297 3764 temere
2332 3709 2543 3770 dimovi
2572 3735 2592 3768 .-
2692 3750 2741 3776 „
2771 3717 2827 3769 ὅ(
2865 3710 2930 3767 iis
2969 3709 3273 3770 honoribus
3300 3753 3315 3776 ‚
3350 3729 3409 3768 ut
3450 3713 3543 3767 vix
3584 3710 3709 3768 satis
3746 3709 3998 3768 decorum
4042 3726 4132 3764 νι-

1149 3821 1188 3846 „
1228 3775 1322 3832 sed
1361 3773 1464 3831 feci
1506 3777 1652 3832 idem
1680 3816 1697 3841 ‚
1726 3777 1872 3846 quod
1911 3795 1971 3856 [τι
2013 3779 2297 3854 πολιτείᾳ
2332 3782 2459 3839 deus
2496 3783 2591 3839 ille
2697 3819 2736 3845 ‚,
2774 3783 3027 3849 deretur,
3066 3803 3185 3841 eum
3224 3784 3403 3853 plures
3442 3782 3552 3839 dies
3584 3783 3680 3840 else
3726 3783 3783 3840 in
3826 3777 4003 3840 Craffi
4026 3783 4139 3837 Tu-

1155 3893 1190 3916 ,‚
1233 3845 1416 3924 nost-et:
1477 3849 1634 3904 Plato
1677 3887 1694 3912 ,
1747 3865 1869 3902 cum
1921 3867 1980 3904 m
2039 3853 2304 3907 Piraeeum
2355 3855 2599 3909 Socrates
2704 3889 2741 3914 ,‚
2778 3851 3034 3907 sculano:
3070 3860 3127 3910 δε
3163 3873 3274 3909 erat
3310 3855 3619 3924 pritntlibri
3662 3853 3835 3912 sermo
3854 3873 3971 3911 non
4004 3852 4141 3908 alie·

1157 3964 1193 3988 „
1236 3917 1462 3976 venisset
1498 3916 1564 3972 ad
1603 3913 1915 3986 Cephalum
1949 3919 2324 3998 locupletem,
2356 3927 2411 3976 δ(
2449 3920 2600 3977 festi-
2701 3958 2741 3984 „
2778 3940 2875 3978 nus
2912 3941 2935 3976 a
2978 3925 3235 3980 Scaevolae
3276 3925 3490 3982 studiis.
3530 3927 3750 3998 Reliqui
3792 3925 3911 3981 libri
3952 3939 4144 3984 retero-

1155 4032 1190 4057 „
1235 4007 1364 4046 vum
1401 3985 1617 4044 senem:
1657 3989 1834 4067 quoad
1875 4008 2080 4061 primus
2133 3990 2232 4048 ille
2288 3989 2469 4048 sermo
2504 3991 2601 4047 ha·
2698 4027 2740 4056 υ
2778 4005 2853 4052 λθ
2897 4002 2993 4052 ιάω
3044 3993 3288 4059 habent,
3337 4015 3395 4052 ut
3448 3996 3550 4055 scis
3576 4040 3591 4054 .
3629 3998 3772 4056 Huic
3804 3995 4143 4062 juculatoriae

1155 4105 1188 4128 ,‚
1231 4079 1428 4139 retur..
1476 4059 1622 4116 adest
1659 4078 1718 4114 m
1757 4060 2090 4141 disputando
2137 4061 2305 4120 senex
2334 4081 2357 4125 ,-
2400 4061 2600 4118 deinde
2713 4102 2751 4130 „
2778 4065 2837 4122 di
2866 4064 3135 4134 putationi
3173 4064 3357 4124 senem
3397 4067 3588 4137 illum,
3627 4087 3686 4128 ut
3722 4089 3876 4124 noras
3915 4107 3933 4132 ‚
3988 4069 4152 4126 inte-

1157 4177 1194 4199 „
1231 4151 1356 4188 cum
1392 4129 1507 4203 ipse
1543 4149 1756 4202 quoque
1791 4131 2221 4191 commodiffime
2273 4135 2482 4192 locutus
2516 4129 2601 4190 εἰὶ-
2704 4176 2743 4203 ‚‚
2785 4133 2912 4194 refle
2952 4137 3101 4193 uolui
3128 4178 3142 4192 .
3186 4141 3368 4195 Idem.

1101 4237 1106 4242 -
1161 4247 1197 4272 ‚,
1237 4201 1352 4268 set,
1403 4201 1470 4258 ad
1525 4221 1638 4262 rem
1675 4200 1922 4260 divinam
1959 4203 2093 4260 dicit
2146 4203 2207 4261 se
2240 4205 2385 4261 velle
2422 4203 2599 4262 disce·
2788 4213 2947 4273 (28)
2996 4219 3063 4266 In
3116 4211 3504 4282 Tusculanum
3546 4220 3575 4280 )
3641 4208 3815 4270 Aliam
3864 4203 4149 4278 quandam

1155 4309 1198 4342 1,
1245 4275 1373 4332 dere
1396 4299 1416 4330 :
1453 4291 1630 4354 neque
1663 4275 1845 4356 postea
1883 4276 2184 4334 revertitur
2206 4315 2223 4332 .
2258 4277 2452 4335 Credo
2474 4277 2599 4337 Pla-
2699 4279 2813 4350 agri
2850 4277 3132 4338 Tusculani
3171 4283 3699 4356 partemintelligit,
3735 4281 3797 4340 ab
3829 4299 3887 4338 ea
3922 4278 4155 4347 disjun-

1163 4389 1200 4416 „
1239 4367 1426 4412 tonem
1467 4367 1560 4407 vix
1599 4347 1798 4422 putasse
1836 4347 1960 4408 satis
2011 4349 2316 4410 consonum
2364 4346 2517 4417 fore,
2555 4347 2597 4410 fi
2698 4353 2833 4412 ctam
2871 4350 2933 4411 in
2968 4371 3066 4426 qua
3102 4372 3291 4415 erant·
3326 4357 3513 4414 Idem.

3894 5247 4054 5310 DE

4269 1739 4291 2280 *rm-fl·-
