4359 6321
836 422 2674 557 LIBER'SEGUNDUL
2983 492 3167 589 219

318 600 523 673 quare
572 593 643 647 tu
692 574 821 646 hoc
872 578 959 643 ita
1013 598 1338 667 magnum
1388 593 1577 667 putes
1620 628 1642 663 ,
1692 578 1855 647 nihil
1908 580 1978 647 in
2030 583 2228 649 causa
2279 586 2442 651 mali
2499 585 2720 655 facere
2757 634 2780 671 ,
2827 592 2901 655 tit
2953 590 3118 659 nihil
3173 588 3292 659 tibi

314 686 385 749 in
437 694 705 747 oratore
753 680 968 757 majus
1018 679 1139 748 effe
1194 680 1535 750 videatur.

418 784 733 849 LXXIV.
788 782 1028 847 Dicam
1076 780 1421 871 equidem,
1471 778 1733 867 Caesar,
1782 779 2038 869 inquit,
2091 783 2248 871 quid
2301 786 2712 877 intelligam.
2766 788 2887 858 Sed
2941 791 3009 861 &
3055 806 3168 873 tu,
3219 793 3292 861 δε

310 900 435 949 vos
484 903 717 951 omnes
767 882 934 968 hoc,
984 884 1195 974 inquit
1248 935 1269 967 ,
1319 898 1770 967 mementote,
1820 904 1954 949 non
2010 903 2117 949 me
2168 886 2248 950 de
2301 886 2574 972 perfesti
2625 892 2900 959 oratoris
2951 892 3298 963 divinitate

310 986 601 1073 quadam
656 986 838 1074 loqui
882 1037 903 1070 ,
972 982 1078 1049 sed
1150 984 1235 1050 de
1284 982 1767 1050 exercitationis
1838 986 1909 1052 δι
1970 982 2468 1053 consuetudinis
2544 1011 2702 1058 meae
2777 992 3219 1061 mediocritate
3269 1040 3292 1063 .

308 1084 506 1153 Craffi
558 1086 831 1175 quidem
880 1082 1265 1173 responsum
1315 1082 1705 1151 excellentis
1757 1083 2098 1161 cuiusdam
2148 1084 2238 1152 est
2291 1086 2538 1174 ingenii
2594 1110 2669 1156 ac
2724 1092 3124 1179 fingularis:
3175 1096 3289 1162 cui

306 1184 620 1275 quiddam
672 1188 955 1274 portenti
1009 1186 1215 1253 simile
1283 1184 1403 1252 effe
1460 1182 1674 1251 visum
1740 1182 1835 1251 est
1878 1237 1898 1271 ,
1961 1186 2126 1273 poffe
2198 1186 2484 1275 aliquem
2555 1188 2836 1255 inveniri
2904 1209 3235 1259 oratorem
3273 1246 3296 1279 ,

306 1287 422 1376 qui
475 1288 727 1377 aliquid
798 1288 961 1353 mali
1016 1286 1265 1355 faceret
1315 1283 1587 1352 dicendo
1623 1337 1644 1370 ,
1712 1284 2069 1375 obessetque
2134 1288 2256 1369 ei,
2325 1308 2519 1375 quem
2592 1288 3030 1358 defenderet.
3105 1294 3294 1360 Facit

303 1390 487 1453 enim
556 1387 635 1453 de
694 1386 755 1455 se
822 1386 1325 1466 conicituram:
1397 1388 1587 1465 cujus
1642 1400 1827 1453 tanta
1877 1390 1977 1454 vis
2032 1387 2280 1475 ingenii
2329 1386 2419 1453 est
2459 1440 2480 1473 ,
2551 1407 2625 1454 ut
2695 1396 3032 1459 neminem
3073 1445 3096 1477 ,
3169 1393 3292 1461 nifi

300 1486 647 1573 consulte,
699 1504 921 1578 putet,
972 1490 1145 1579 quod
1200 1506 1429 1559 contra
1486 1486 1767 1575 stipsum
1826 1488 1939 1573 lit,
1990 1488 2242 1555 dicere.
2299 1484 2420 1553 Sed
2469 1508 2600 1575 ego
2653 1514 2788 1558 non
2841 1492 2922 1559 de
2965 1492 3290 1580 pra-stanti

302 1587 593 1677 quadam
647 1592 718 1659 &
774 1593 1013 1659 eximia
1068 1646 1089 1679 ,
1178 1591 1283 1659 sed
1340 1611 1539 1681 prope
1593 1591 1675 1657 de
1730 1589 1995 1683 vulgari
2052 1592 2121 1656 &
2178 1592 2520 1654 communi
2575 1592 2922 1679 prudentia
2971 1590 3291 1683 disputo..

300 1692 401 1755 Ut
454 1692 623 1776 apud
678 1695 947 1761 Graecos
1004 1693 1210 1763 fertur
1263 1686 1633 1759 incredibili
1688 1690 1975 1780 quadam
2028 1689 2489 1779 magnitudine
2541 1691 2796 1758 consilii
2850 1706 3052 1782 atque
3102 1696 3294 1783 inge.

300 1790 401 1855 nii
462 1790 866 1860 Atheniensis
912 1792 1033 1862 ille
1088 1794 1267 1862 fuisse
1320 1792 1837 1860 Themistocles:
1890 1792 1969 1858 ad
2024 1810 2228 1881 quem
2280 1792 2556 1879 quidam
2613 1791 2846 1861 doetus
2893 1793 3146 1881 homo,
3196 1810 3290 1860 at-

298 1910 433 1976 que
486 1888 831 1979 inprimis
885 1897 1185 1965 eruditus
1236 1892 1545 1960 acceffiffe
1596 1893 1839 1961 dicitur
1877 1946 1898 1979 ,
1970 1894 2159 1981 eique
2215 1908 2426 1957 artem
2482 1896 2816 1963 me-moriae
2867 1947 2888 1981 ,
2940 1918 3083 1985 quae
3135 1912 3286 1966 tum

296 1990 595 2072 primum
664 1994 1103 2079 proferebatur
1143 2049 1165 2083 ,
1234 1995 1601 2083 pollicitum
1653 1995 1770 2059 esse
1826 1992 1889 2059 se
1941 1992 2347 2059 traditurum
2389 2040 2404 2056 .
2480 1998 2656 2061 Cum
2727 1994 2843 2061 ille
2917 1996 3226 2083 quaefiffet
3263 2046 3286 2079 ,

296 2088 617 2173 quidnam
666 2094 781 2159 illa
840 2114 946 2161 ars
994 2097 1249 2167 efficere
1304 2096 1535 2183 posset,
1582 2092 1805 2159 dixifl‘e
1856 2091 2053 2161 illurn
2105 2094 2442 2161 doitorem
2481 2147 2502 2180 ,
2553 2110 2628 2159 ut
2678 2095 2900 2160 omnia
2955 2095 3288 2163 meminis-

294 2183 393 2252 set
510 2192 578 2259 &
637 2193 695 2257 ei
748 2195 1269 2265 Themistoclem
1318 2194 1741 2283 respondisse,
1790 2194 2049 2285 gratius
2101 2193 2214 2262 fibi
2267 2194 2464 2261 illum
2513 2198 2634 2262 effe
2687 2192 3066 2282 fannium,
3119 2195 3166 2261 s1
3221 2194 3284 2265 se

291 2283 595 2357 oblivisci
647 2313 789 2381 quae
846 2298 1043 2365 vellet
1083 2351 1103 2384 ,
1170 2318 1373 2386 quam
1430 2296 1475 2360 fi
1528 2294 1889 2363 meminisse
1928 2346 1949 2380 ,
2016 2294 2322 2363 docuilset
2359 2344 2376 2361 .
2447 2294 2732 2363 Videsne
2771 2348 2791 2381 ,
2859 2320 3002 2387 quae
3057 2296 3158 2363 vis
3205 2298 3282 2362 in

288 2386 567 2457 homine
616 2397 919 2463 acerrimi
976 2399 1264 2487 ingenii,
1314 2416 1518 2487 quam
1568 2414 1840 2485 potens,
1894 2396 1965 2463 δε
2022 2409 2270 2484 quanta
2322 2418 2516 2465 mens
2567 2396 2813 2466 fuerit?
2868 2400 2981 2486 qui
3038 2399 3126 2465 ita
3177 2416 3283 2465 re-

288 2486 623 2577 sponderit
664 2546 685 2581 ,
734 2512 807 2561 ut
860 2498 1233 2589 intelligere
1283 2499 1599 2587 possemus
1640 2550 1660 2583 ,
1712 2495 1881 2566 nihil
1934 2516 2021 2564 ex
2076 2496 2256 2564 illius
2304 2499 2534 2564 animo
2571 2550 2592 2583 ‚
2643 2496 2822 2588 quod
2880 2498 3075 2565 semel
3129 2496 3282 2564 esset

288 2588 639 2679 infusum,
690 2616 989 2687 unquam
1039 2598 1315 2669 effluere
1366 2599 1634 2687 potuisse
1670 2620 1695 2661 .·
1748 2618 1907 2665 cum
1957 2597 2228 2686 quidem
2277 2598 2339 2667 ei
2394 2598 2597 2669 fuerit
2646 2596 2994 2687 optabilius
3043 2596 3278 2665 oblivi-

286 2687 385 2759 sci
436 2694 601 2779 poffe
651 2700 862 2784 potius
898 2755 919 2788 ,
971 2703 1146 2792 quod
1203 2702 1559 2769 meminisse
1610 2700 1825 2767 nollet
1860 2750 1883 2784 ‚
1951 2720 2155 2789 quam
2207 2699 2386 2788 quod
2439 2699 2636 2767 semel
2691 2698 2952 2765 audifl‘et
2988 2752 3009 2785 ,
3077 2696 3275 2765 vidis:-

286 2789 510 2877 setve,
565 2800 957 2871 meminisse.
1012 2802 1135 2871 Sed
1186 2822 1401 2892 neque
1452 2816 1713 2889 propter
1760 2800 1886 2866 hoc
1938 2799 2408 2867 Themistoclis
2457 2800 2892 2887 responsum,
2940 2800 3274 2867 memoriae

280 2890 469 2961 nobis
522 2914 715 2985 opera
769 2903 991 2970 danda
1040 2926 1173 2972 non
1223 2904 1317 2971 est
1368 2929 1393 2989 ;
1446 2922 1663 2991 neque
1714 2902 1834 2969 illa
1888 2918 2035 2967 mea
2089 2901 2314 2974 cautio
2368 2904 2438 2971 &
2497 2903 2812 2968 timiditas
2861 2902 2930 2967 in
2987 2899 3197 2967 caufis
3249 2950 3276 2983 ,

282 3009 549 3080 propter
603 3000 1013 3083 praestantem
1070 3006 1485 3093 prudentiam
1508 3002 1708 3071 Craffi
1764 3003 2165 3091 negligenda
2220 3000 2350 3069 est.
2410 3006 2705 3092 Uterque
2755 3001 2939 3070 enim
2991 3000 3272 3071 istorum

284 3114 421 3159 non
476 3092 639 3159 mihi
692 3102 909 3168 attulit
967 3104 1302 3191 aliquam,
1354 3102 1461 3170 sed
1516 3103 1705 3170 suam
1764 3101 2159 3191 significavit
2215 3101 2636 3172 facultatem.

392 3193 657 3258 Etenim
705 3203 1029 3282 permulta
1082 3202 1233 3272 sunt
1284 3203 1354 3266 in
1405 3203 1614 3270 causis
1653 3253 1674 3286 ,
1744 3203 1813 3268 in
1866 3206 2053 3268 omni
2104 3221 2288 3289 parte
2355 3207 2668 3271 orationis
2738 3203 3272 3291 circumspicien-

287 3289 375 3356 da
416 3340 437 3376 ,
506 3311 589 3358 ne
657 3296 817 3384 quid
873 3302 1161 3370 offendas
1195 3352 1218 3387 ,
1271 3320 1355 3367 ne
1406 3323 1539 3388 quo
1590 3302 1803 3368 irruas
1842 3345 1860 3362 .
1937 3305 2113 3391 Saepe
2170 3301 2404 3386 aliquis
2457 3304 2628 3368 testis
2685 3319 2796 3368 aut
2850 3325 2978 3369 non
3033 3304 3206 3371 laedit
3245 3354 3268 3386 ,

286 3411 407 3470 aut
462 3393 685 3462 minus
740 3399 958 3488 laedit,
1008 3403 1131 3470 nisi
1184 3401 1559 3469 lacefl‘atur:
1612 3418 1751 3467 orat
1802 3418 1992 3484 reus,
2042 3419 2287 3487 urgent
2311 3398 2652 3488 advocati,
2701 3419 2774 3467 ut
2826 3401 3263 3484 invehamur,

283 3511 361 3559 ut
416 3495 895 3569 maledicamus
931 3555 952 3590 ,
1002 3503 1281 3594 denique
1328 3517 1403 3568 ut
1454 3503 1939 3588 interrogemus
1979 3521 2001 3562 .·
2057 3523 2198 3566 non
2253 3519 2522 3566 moveor
2560 3553 2581 3586 ,
2631 3524 2765 3567 non
2815 3499 3192 3589 ‘obtempero
3241 3551 3265 3584 ‚

280 3615 418 3658 non
473 3594 803 3667 satisfacio
841 3651 862 3688 ,
910 3624 1127 3694 neque
1184 3623 1405 3670 tamen
1456 3604 1671 3672 ullam
1724 3600 2013 3689 assequor
2070 3597 2334 3669 laudem
2382 3645 2396 3662 .
2451 3603 2774 3669 Homines
2826 3603 3009 3668 enim
3063 3602 3270 3688 impe-

278 3695 389 3760 riti
442 3695 699 3764 facilius
747 3705 925 3791 quod
978 3705 1177 3772 stulte
1227 3704 1473 3771 dixeris
1509 3757 1530 3790 ,
1582 3701 2045 3792 reprehendere
2090 3754 2115 3787 ,
2187 3721 2386 3789 quam
2439 3703 2614 3790 quod
2667 3702 2984 3789 sapienter
3036 3717 3266 3769 tacue-

278 3797 410 3881 ris,
466 3799 741 3868 laudare
790 3805 1083 3890 possunt.
1136 3807 1271 3872 Hic
1321 3820 1645 3893 quantum
1700 3803 1780 3870 fit
1830 3804 2041 3887 mali,
2090 3802 2136 3868 fi
2187 3803 2440 3868 iratum
2475 3853 2498 3888 ,
2551 3803 2598 3869 fi
2651 3825 2782 3869 non
2845 3800 3160 3886 stultum,
3213 3801 3260 3867 st

275 3918 417 3963 non
470 3900 689 3970 levem
734 3904 960 3974 testem
1010 3907 1295 3974 laeseris?
1344 3905 1535 3972 habet
1587 3905 1767 3971 enim
1822 3905 1895 3973 δε
1956 3904 2370 3970 voluntatem
2425 3903 2702 3972 nocendi
2755 3905 2822 3969 in
2873 3903 3262 3988 iracundia,

276 3999 351 4068 δι
410 4003 551 4067 vim
602 4003 669 4066 in
719 4007 993 4096 ingenio
1029 4057 1053 4092 ,
1104 4010 1174 4076 ὅ(
1236 4003 1491 4094 pondus
1548 4005 1613 4070 in
1670 4007 1860 4071 vita.
1916 4008 2055 4072 Nec
2096 4058 2117 4091 ,
2174 4005 2222 4070 st
2276 4003 2400 4072 hoc
2453 4005 2714 4072 Crassus
2763 4027 2897 4071 non
2951 4005 3262 4078 commitff

273 4098 395 4183 tit,
446 4101 589 4167 ideo
636 4124 773 4174 non
825 4109 1069 4192 multi,
1126 4109 1197 4178 δε
1260 4105 1414 4194 saepe
1462 4107 1889 4176 committunt
1940 4129 1955 4169 z
2009 4128 2146 4194 quo
2197 4107 2467 4195 quidem
2521 4105 2684 4173 mihi
2741 4105 2945 4173 videri
2997 4105 3258 4192 turpius

274 4199 439 4268 nihil
492 4199 691 4290 solet,
740 4229 941 4296 quam
992 4229 1155 4276 cum
1204 4227 1287 4272 ex
1343 4209 1615 4272 oratoris
1665 4207 1843 4276 dicto
1894 4207 2159 4294 aliquo,
2207 4225 2320 4276 aut
2373 4206 2688 4294 responso
2724 4259 2743 4292 ,
2793 4223 2906 4273 aut
2957 4225 3192 4294 rogatu
3232 4257 3254 4290 ,

275 4299 501 4370 sermo
545 4301 655 4372 ille
711 4305 1000 4398 sequitur
1039 4359 1063 4394 ,
1108 4307 1361 4378 occidit
1409 4305 1516 4374 ille
1566 4306 2157 4394 adversariumne?
2211 4315 2410 4372 immo
2463 4331 2654 4393 vero,
2707 4308 2894 4386 aiunt
2929 4361 2948 4393 ,
2985 4301 3058 4393 se
3096 4358 3119 4393 ,
3171 4307 3262 4378 ἅθ’·

272 4425 469 4488 eum,
516 4425 703 4488 quem
754 4411 1085 4495 defendit.

372 4508 657 4572 LXXV.
716 4513 869 4579 Hoc
940 4508 1201 4576 Crassus
1255 4529 1387 4574 non
1442 4522 1626 4598 putat
1704 4507 1824 4574 nifi
1876 4507 2143 4596 perfidia
2223 4508 2516 4576 accidere
2565 4509 2732 4599 poss'e
2775 4536 2802 4598 ς
2853 4531 2978 4601 ego
3030 4525 3254 4575 autem

270 4605 603 4695 saepiffime
652 4610 843 4676 video
894 4613 963 4678 in
1012 4611 1221 4678 caulis
1278 4608 1530 4696 aliquid
1582 4607 1745 4674 mali
1800 4607 2011 4676 facere
2062 4610 2372 4676 homines
2419 4612 2696 4678 minime
2751 4615 2964 4679 malos
3004 4659 3019 4674 .
3069 4604 3252 4688 Q1id

266 4707 445 4778 illud
482 4759 505 4795 ,
574 4710 746 4800 quod
802 4709 988 4798 supra
1039 4712 1243 4804 dixit,
1317 4707 1517 4776 solere
1572 4730 1678 4776 me
1743 4711 2019 4796 cedere,
2064 4713 2133 4780 δι
2181 4760 2207 4793 ,
2256 4731 2327 4778 ut
2388 4712 2647 4799 planius
2705 4711 2962 4796 dicam,
3019 4711 3255 4795 fugere

268 4833 351 4880 ea
388 4862 411 4897 ,
492 4831 635 4900 quae
693 4811 887 4878 valde
938 4810 1205 4880 causam
1254 4832 1475 4881 meam
1533 4809 1897 4898 piemerent
1950 4813 1986 4874 ἕ
2064 4817 2240 4880 Cum
2290 4813 2354 4878 id
2409 4835 2542 4880 non
2597 4813 2848 4880 faciunt
2901 4811 3052 4904 alii,
3105 4820 3249 4872 ver-

268 4913 631 5002 santurque
688 4911 761 4982 in
815 4911 1102 4982 hostium
1157 4909 1416 4995 castris,
1466 4931 1543 4977 ac
1596 4910 1714 4978 sua
1766 4912 2062 5000 praesidia
2096 4915 2486 4999 dimittunt,
2543 4913 3042 4980 mediocriterne
3093 4925 3248 4973 cau-

269 5016 357 5084 fis
432 5030 741 5105 nocent,
806 5035 971 5084 cum
1027 5029 1140 5081 aut
1192 5009 1722 5080 adversariorum
1789 5013 2170 5092 adiumenta
2243 5011 2636 5080 confirmant
2679 5061 2698 5096 ,
2768 5027 2882 5078 aut
2931 5029 3060 5178 εἷ,
3104 5029 3250 5095 quae

2098 5115 2208 5178 Ee
2313 5138 2350 5180 a
2991 5127 3150 5179 ana-
