4359 6321
1263 500 1448 587 114
1971 451 3316 573 ‘DEoRATO-RE

1131 610 1250 663 aut
1305 590 1598 673 nescim,
1651 584 1798 676 quis
1851 576 2154 651 nostrum
2202 598 2349 647 tam
2398 579 2750 668 impudens
2802 577 2931 665 est,
2979 579 3093 669 qui
3148 578 3213 647 se
3269 580 3475 667 scire,
3524 592 3639 651 aut
3688 584 3859 671 poffe
3910 581 4128 673 postu.

1112 695 1271 763 let?
1327 695 1690 773 Iam-vero
1741 685 1856 755 ista
1907 684 2321 767 conditione,
2366 681 2530 749 dum
2586 679 2747 747 mihi
2802 680 2998 747 liceat
3046 700 3299 769 negate
3353 683 3747 773 poffe·qu0d
3806 707 3938 753 non
4012 708 4125 775 po.

1136 810 1322 881 tero,
1371 794 1440 863 &
1501 790 1690 857 fateri
1738 786 1986 859 nescire
2035 786 2211 875 quod
2262 782 2607 869 nesciam,
2658 780 2855 868 licet„
2894 782 3117 870 inquit
3167 783 3473 870 Crassus,
3526 784 3749 855 vestro
3793 783 4117 867 arbitratu

1133 892 1614 987 percontemini
1633 940 1648 956 .
2107 888 2120 897 ’

1237 1003 1499 1086 Atque,
1553 993 1763 1081 inquit
1811 988 2183 1078 Sulpicium,
2234 986 2359 1058 hoc
2416 987 2711 1075 primum
2758 1006 2841 1051 ex
2894 999 3006 1069 te,
3053 982 3143 1051 de
3192 1006 3328 1075 quo
3376 986 3575 1055 modo
3625 989 3961 1057 Antonius
4002 1010 4127 1057 ex.

1039 1106 1049 1117 '
1134 1097 1394 1187 posuit,
1459 1094 1615 1183 quid
1672 1091 1904 1157 sentias
1942 1144 1961 1177 ,
2027 1090 2445 1177 quaerimus:
2514 1085 2931 1157 existimesne
2982 1100 3195 1151 artem
3246 1088 3542 1175 aliquam
3595 1088 3715 1156 effe
3792 1089 4053 1157 dicendi
4112 1138 4133 1157 .

1129 1199 1310 1285 Qid
1361 1198 1524 1265 mihi
1578 1214 1756 1259 nunc
1812 1211 1974 1273 νος,
2023 1192 2241 1277 inquit
2288 1185 2597 1273 CraffuS,
2648 1200 2974 1275 tanquam
3013 1186 3227 1257 alicui
3260 1188 3591 1257 *Gra-:culo
3642 1190 3852 1268 otioso
3906 1194 3977 1261 &
4026 1188 4123 1257 lo·

1127 1298 1370 1391 quati,
1420 1300 1488 1367 ὅ(
1550 1293 1808 1361 fortasse
1852 1288 2048 1359 douo
2097 1307 2297 1377 atque
2344 1286 2649 1373 eruditO,
2702 1287 3289 1377 quaestiunculam,
3332 1290 3420 1356 de
3455 1290 3615 1380 qua'
3643 1313 3797 1359 meo
3840 1292 4133 1373 arbitra-

1128 1418 1206 1467 tu
1262 1398 1532 1486 loquar,
1584 1393 1868 1483 ponitis?
1927 1390 2452 1476 Quando.enim
2492 1411 2611 1456 me
2664 1389 2781 1467 ista
2820 1388 3079 1458 ,eutaffe
3122 1443 3141 1476 ,
3214 1406 3325 1455 aut
3378 1390 3685 1480 cogitasse
3755 1390 4131 1473 arbitr-amig-

1129 1500 1242 1580 υἱ,
1298 1501 1368 1567 &
1425 1518 1560 1563 non
1611 1495 1861 1581 semper
1913 1490 2163 1579 irrisisse
2216 1493 2429 1581 potius
2484 1512 2721 1557 eonum
2772 1490 3123 1573 hominum
3176 1492 3655 1579 impudentiam
3698 1546 3717 1579 ,
3798 1496 3915 1582 qui
3967 1512 4133 1561 cum

1129 1602 1202 1667 in
1261 1598 1480 1671 schola
1515 1598 1926 1681 -afl'ediss'ent,
1969 1613 2062 1663 ex
2114 1614 2365 1683 magna
2416 1592 2765 1661 hominum
2824 1590 3197 1680 frequentia
3244 1593 3461 1660 dicere
3518 1593 3859 1679 juberent,
3914 1595 4134 1681 liquis

1128 1700 1288 1789 quid
1336 1700 1714 1789 quaereret?
1762 1694 1961 1781 Qod
2011 1697 2303 1784 primum
2359 1694 2580 1763 ferunt
2634 1694 3041 1761 Leontinum
3097 1692 3305 1761 seciffe
3355 1698 3687 1783 Gorgiam
3729 1718 3744 1758 ε
3820 1696 3935 1783 qui
3986 1714 4134 1781 per-

1133 1820 1466 1889 magnum
1535 1799 1854 1891 quiddam
1925 1794 2245 1887 suscipere
2316 1818 2392 1863 ac
2458 1793 2753 1883 profiteri
2826 1792 3166 1863 videbatur
3207 1847 3228 1880 ‚
3298 1816 3461 1863 cum
3536 1796 3601 1863 se
3672 1796 3756 1861 ad
3826 1795 4063 1863 omnia
4109 1846 4132 1879 ,

1133 1902 1220 1977 de
1273 1902 1505 1990 quibus
1553 1900 1826 1991 quisque
1897 1898 2124 1967 audire
2197 1897 2403 1967 vellet
2438 1948 2465 1981 ,
2528 1895 2653 1963 effe
2734 1912 3043 1981 paratum
3108 1898 3586 1963 denuntiaret.
3666 1894 3895 1962 Postea
3968 1914 4133 1961 vero

1131 2002 1348 2091 vulgo
1398 2003 1530 2071 hoc
1581 2004 1802 2071 facete
1851 2016 2207 2088 coeperunt
2243 2050 2267 2086 ,
2328 1998 2653 2084 hodieque
2706 1994 3023 2082 faciunt3
3098 2014 3171 2061 ut
3242 1995 3436 2062 nulla
3510 1995 3589 2061 fit
3662 2016 3765 2063 res
3826 2048 3847 2081 ‚
3920 2015 4131 2085 neque

1115 2092 1359 2189 tanta,
1409 2124 1624 2193 neque
1671 2119 1810 2169 tam
1861 2100 2265 2187 improvisa,
2316 2117 2533 2185 neque
2581 2111 2721 2161 tam
2772 2116 2999 2183 nova,
3048 2093 3133 2165 de
3180 2117 3312 2185 qua
3366 2094 3429 2165 se
3479 2118 3613 2165 non
3659 2099 3927 2183 omnia,
3978 2120 4123 2187 quae

1116 2201 1269 2276 dici
1325 2204 1622 2292 possunt,
1672 2203 2110 2289 profiteantur
2166 2198 2287 2267 effe
2330 2197 2671 2265 dieii-uros,

1237 2304 1439 2389 Quod
1496 2304 1542 2371 fi
1595 2321 1698 2387 te,
1745 2308 1971 2385 Cotta,
2034 2298 2429 2384 arbitrarer,
2478 2314 2593 2365 aut
2642 2312 2707 2363 te
2744 2348 2769 2381 ,
2814 2298 3063 2387 Sulpici
3106 2350 3130 2383 ‚
3196 2298 3278 2365 de
3329 2298 3411 2365 iis
3460 2298 3651 2373 rebus
3702 2298 3936 2381 audire
3992 2301 4131 2371 vel·

1110 2404 1240 2493 Je,
1279 2404 1690 2475 adduxissem
1741 2402 1878 2471 huc
1929 2404 2246 2469 Graecum
2291 2399 2633 2484 aliquem,
2680 2397 2795 2484 qui
2846 2408 2987 2486 (a)
3056 2419 3181 2465 vos
3234 2397 3599 2487 istiusmodi
3668 2400 4128 2491 disputationi·

1134 2509 1257 2575 bus
1309 2505 1703 2575 delectaret:
1751 2497 1929 2589 quod
1966 2522 2063 2568 sne
2115 2520 2299 2567 nuuc
2348 2497 2623 2589 quidem
2674 2496 2938 2577 difficile
2990 2496 3173 2571 fafitu
3223 2498 3353 2571 est.
3411 2500 3521 2569 Est
3571 2505 3769 2579 enim,
3804 2504 3973 2591 apud
4028 2508 4125 2571 M.

1116 2604 1486 2688 Pisonem,
1535 2598 2017 2667 adolescentem
2067 2601 2207 2679 iam
2256 2599 2415 2667 huic
2469 2595 2677 2667 studio
2722 2596 3069 2688 deditum,
3117 2600 3381 2673 summo
3433 2605 3775 2676 hominem
3814 2606 4128 2695 ingenie,

1125 2702 1469 2791 nostrique
1516 2698 2042 2789 cupidiffimum‚
2089 2700 2561 2790 Peripateticus
2610 2701 2867 2771 Staseas
2906 2756 2932 2789 ,
2994 2703 3207 2773 homo
3262 2707 3449 2776 nobis
3504 2708 3657 2775 sane
3731 2704 4077 2776 familiaris
4109 2760 4129 2792 ‚

1133 2806 1256 2891 δε,
1305 2820 1380 2871 nt
1431 2804 1602 2873 inter
1653 2801 1958 2871 homines
2023 2804 2265 2892 peritos
2316 2800 2612 2873 constare
2662 2802 2915 2889 video,
2966 2805 3054 2869 xin
3130 2804 3254 2871 illo
3328 2806 3447 2875 suo
3522 2828 3763 2897 genere
3816 2794 4129 2881 omniurn

1131 2926 1476 2995 princeps.
3373 2928 3378 2933 ¹

1235 3006 1496 3071 xxm.
1543 3010 1764 3091 Qem
1815 3018 1886 3076 tu
1955 3004 2185 3096 mihi,
2250 3006 2463 3099 inquit
2516 3006 2789 3076 Mucius
2820 3054 2845 3089 ,
2912 3000 3207 3073 Staseam
3254 3054 3279 3089 ,
3344 3024 3547 3095 quem
3618 3004 4135 3093 Peripateticum

1109 3108 1420 3180 martas?
1444 3105 2333 3179 'Gerendus;fflt;·fibi.·mos
2384 3104 2909 3180 adolescentibus
2944 3163 2971 3197 ,
3032 3104 3252 3178 Craffe
3290 3130 3315 3171 .-
3373 3107 3489 3200 qui
3546 3126 3694 3176 nnn·
3732 3106 3950 3176 Graeci
4006 3110 4129 3176 ali-

1115 3210 1330 3288 cujus
1375 3212 1828 3299 quotidianam
1879 3213 2349 3303 loquacitatem
2402 3214 2537 3282 fine
2589 3212 2713 3282 ufia
2752 3263 2776 3299 ,
2842 3231 3059 3304 neque
3108 3231 3195 3278 ex
3272 3211 3514 3280 scholis
3565 3212 3973 3280 cantilenam
4024 3233 4123 3278 re-

989 3392 1006 3401 ·
1133 3310 1622 3404 quirunt‚.ied
1667 3333 1754 3381 ex
1808 3315 2083 3383 homine
2133 3317 2441 3384 omnium
2494 3313 2951 3405 sapientiffimo
3022 3329 3223 3403 atque
3268 3312 3793 3406 eloquentiffimo
3835 3366 3856 3399 ‚
3924 3327 4130 3401 atque

1133 3434 1219 3482 ex
1273 3433 1354 3482 eo
1393 3465 1422 3499 ,
1467 3415 1598 3504 qui
1648 3437 1784 3484 non
1836 3416 1906 3485 in
1957 3413 2198 3486 libellis
2239 3471 2265 3506 ,
2330 3417 2438 3486 sed
2487 3417 2559 3484 in
2610 3417 2926 3485 maximis
2978 3415 3187 3484 caufis
3223 3467 3246 3502 ,
3315 3419 3385 3486 &
3462 3417 3537 3482 in
3604 3416 3731 3483 hoc
3781 3412 4127 3482 domicilio

1109 3513 1400 3602 -imperii
1443 3517 1837 3607 &.glotiae,
1883 3517 1966 3587 -fit
2001 3519 2291 3587 tonsilia
2341 3521 2705 3610 linguaque
2756 3517 3057 3608 princeps
3095 3541 3117 3582 ι
3190 3516 3385 3596 cujus
3438 3513 3711 3606 vestigia
3782 3517 3871 3605 (b
3898 3527 3929 3600 )
3980 3536 4129 3605 pet·-

1108 3609 1313 3702 ·sequi
1361 3617 1684 3703 cupiunt,
1735 3621 1880 3700 ejus
1931 3620 2323 3689 sententiam
2396 3619 2809 3691 sciscitantur
2845 3667 2863 3688 .
2934 3617 3259 3712 Equidem
3332 3637 3397 3687 te
3473 3639 3633 3687 cum
3706 3620 3775 3685 in
3847 3615 4131 3712 dicendo

1129 3707 1388 3798 semper
1433 3719 1669 3802 putavi
1719 3720 1918 3786 deum
1958 3768 1981 3804 ‚
2045 3739 2195 3788 tum
2248 3745 2407 3792 vero
2468 3719 2587 3790 tibi
2658 3709 3003 3812 nunquam
3068 3721 3451 3812 eloquentia:
3524 3715 3854 3800 maiorem
3928 3715 4130 3786 tribui
4198 3768 4207 3780 .

1115 3811 1400 3883 -laudem
1450 3867 1472 3902 ,
1541 3836 1740 3906 quam
1792 3818 2231 3888 humanitatis
2276 3845 2300 3887 .·
2372 3845 2503 3916 qua
2554 3844 2737 3892 nunc
2789 3840 2852 3891 te
2902 3825 3001 3890 uti
3056 3823 3163 3890 vel
3238 3823 3533 3890 maxime
3583 3823 3776 3892 decet
3816 3875 3837 3908 ‚
3902 3840 4129 3910 neque

1130 3911 1452 4003 defugere
1501 3937 1658 4020 eam
1706 3915 2251 4011 disputationem,
2284 3923 2380 3994 ad
2432 3946 2639 4020 quam
2692 3941 2761 3996 te
2808 3923 2951 3992 duo
2997 3923 3386 3992 excellentis
3437 3923 3687 4013 ingenii
3741 3920 4127 3993 adolescen-

1127 4028 1228 4083 tes
1277 4017 1554 4105 cupiunt
1607 4020 1914 4088 accedere
1935 4067 1954 4087 .
3198 4057 3204 4064 ·

1173 4115 1188 4128 '
1226 4117 1375 4206 Ego
1425 4137 1626 4206 ver0,
1675 4119 1936 4214 inquit,
1983 4120 2116 4192 istis
2165 4121 2431 4218 obsequi
2484 4125 2759 4215 studeo,
2798 4145 3017 4216 -neque
3064 4121 3395 4218 gravabor
3444 4119 3735 4192 breviter
3789 4141 3943 4187 meo
3982 4143 4135 4192 mo·

1105 4238 1244 4303 se,
1293 4217 1452 4309 quid
1501 4241 1766 4314 quaque
1813 4224 2016 4292 dere
2069 4221 2347 4296 sentiam
2373 4279 2419 4316 .,
2482 4229 2704 4298 dicere
2760 4275 2779 4296 .
2848 4230 2954 4295 Ac
3024 4229 3318 4315 primum
3367 4223 3545 4298 illud
3588 4225 3959 4314 (quoniam
4008 4241 4133 4294 au.-

1125 4317 1496 4389 ftoritatem
1546 4337 1737 4393 tuam
1785 4325 2132 4416 negligere
2154 4380 2178 4415 ,
2228 4331 2525 4398 Scaevola
2564 4382 2585 4417 ‚
2653 4329 2762 4396 fas
2802 4328 2978 4396 mihi
3014 4328 3149 4397 effe
3200 4347 3339 4395 non
3408 4339 3567 4416 puto
3611 4339 3637 4416 )
3710 4319 4071 4416 respondeo
4110 4376 4134 4412 ,

1124 4419 1291 4492 mihi
1341 4423 1597 4494 dicendi
1645 4442 1758 4496 aut
1811 4428 2073 4496 nullam
2125 4445 2378 4518 artem,
2411 4447 2539 4500 ,αυτ
2593 4448 2979 4521 pertenuem
3028 4428 3277 4516 videri,
3324 4425 3434 4498 sed
3480 4425 3757 4500 omnem
3806 4425 3931 4495 effe
3964 4446 4133 4495 con-

1125 4526 1484 4594 tentionem
1537 4527 1704 4594 inter
1755 4528 2064 4598 homines
2115 4529 2343 4600 destos
2394 4534 2463 4600 in
2518 4530 2703 4600 verbi
2750 4531 3207 4600 controverfia
3261 4529 3539 4620 politam
3580 4580 3597 4597 .
3672 4533 3851 4599 Nam
3906 4526 3953 4593 fi
4012 4546 4130 4592 ars

1125 4623 1217 4692 ita
1265 4625 1621 4716 definitur,
1671 4645 1748 4696 ut
1799 4629 2201 4720 pauidam
2232 4633 2549 4724 ,exposuit
2603 4634 2989 4720 AntoniuS,
3032 4653 3123 4702 ex
3168 4629 3361 4700 rebus
3414 4633 3676 4723 penitus
3727 4626 4129 4722 perspectiS,

3881 4727 4023 4820 pla-

1111 4911 4125 4989 ’Μ

1213 5058 1248 5120 ί
1269 5073 1296 5112 a
1317 5055 1521 5130 >ivon
1553 5056 1701 5120 Via.
1739 5059 1893 5120 Man.
1927 5061 2235 5133 Grunznis
2378 5061 2497 5129 (b)
2533 5058 2785 5140 Persequi
2811 5065 2841 5136 )
2876 5061 3029 5128 vin.
3066 5067 3169 5144 qm·
3192 5059 3441 5142 pao-seque·
