4359 6321
1065 486 1548 665 segrggandam
1595 582 1782 659 putes
1805 616 1830 654 ,
1891 566 1966 637 δι
2021 566 2096 635 in
2143 560 2437 654 quodam
2514 560 2765 651 ingenii
2829 576 3032 653 atque
3074 560 3567 636 exercitationis
3634 582 3891 653 genere
3938 588 4053 663 po·

1063 674 1392 749 nendam.

1171 776 1279 844 Ac
1333 771 1498 843 mihi
1551 769 1819 863 quidem
1873 768 2311 859 saepenumero
2372 766 2445 835 in
2514 762 2814 839 summos
2866 762 3170 835 homines
3204 816 3231 850 ,
3295 783 3373 833 ac
3440 764 3717 835 summis
3772 768 4071 861 ingentia

1073 876 1372 967 praeditos
1423 873 1703 942 intuenti
1745 925 1767 960 ,
1831 870 2262 963 quaerendum
2327 866 2451 935 effe
2517 864 2739 935 visum
2804 862 2896 932 est
2932 917 2954 951 ,
3024 866 3185 955 quid
3228 864 3377 934 effet
3414 915 3438 951 ,
3508 889 3631 938 cut·
3702 871 3940 959 plures.
3988 879 4073 951 52,

1073 976 1384 1050 omnibus
1439 974 1728 1059 artibus,
1773 993 1978 1066 quam
2027 971 2096 1037 in
2145 968 2433 1037 dicendo
2480 963 2903 1036 admirabiles
2950 966 3383 1047 exstitiffentss.
3449 970 3631 1035 Nam
3667 1021 3690 1054 ‚
3758 990 4069 1063 quocun..

1071 1100 1204 1170 que
1253 1096 1322 1147 te
1367 1078 1634 1161 animo,
1689 1077 1760 1143 δι
1813 1071 2209 1163 cogitatione
2260 1070 2711 1154 converteris,
2762 1069 3126 1157 permultos
3180 1065 3577 1139 excellentes
3647 1071 3717 1138 in
3792 1098 4071 1169 quoquc
4305 1063 4307 1065 V

1073 1200 1314 1269 genere
1365 1176 1646 1257 videbis,
1695 1196 1831 1249 non
1887 1174 2319 1243 mediocrium
2370 1171 2659 1257 artium,
2715 1165 2821 1236 sed
2876 1171 3591 1259 propemaximarum.
3648 1176 3825 1261 Quis
3873 1182 4070 1253 enim
4288 1195 4297 1278 2

1071 1278 1206 1363 est,
1255 1277 1412 1366 qui,
1463 1275 1512 1343 fi
1561 1273 1898 1351 clarorum
1944 1275 2301 1343 hominum
2352 1273 2733 1357 scientiam,
2782 1289 3009 1339 rerum
3064 1270 3393 1359 gestarum
3452 1273 3559 1340 vel
3612 1276 3897 1345 utilitate
3950 1280 4068 1351 vel
4285 1283 4297 1382 J

1069 1376 1532 1467 magnitudine
1582 1378 1805 1445 metiri
1861 1376 2067 1459 velit,
2117 1397 2255 1444 non
2306 1391 2661 1465 anteponat
2712 1374 2955 1439 oratori
3008 1374 3475 1459 imperatorem
3516 1374 3545 1441 ἓ
3615 1378 3787 1460 Quis
3837 1396 4072 1453 autem

1073 1478 1362 1563 dubitet,
1413 1479 1580 1567 quin
1633 1473 1786 1545 belli
1834 1476 2036 1545 duces
2079 1497 2164 1545 ex
2214 1476 2341 1545 hac
2392 1498 2527 1545 una
2578 1476 2839 1545 civitate
2894 1473 3431 1562 praestantiffimos
3470 1496 3629 1561 pene
3682 1478 4079 1548 innumera«
4282 1387 4294 1562 Ι

1075 1578 1274 1665 bileS,
1326 1581 1398 1647 in
1449 1576 1730 1645 dicendo
1779 1595 2005 1645 autem
2053 1577 2452 1647 aoellentes
2507 1578 2619 1645 vix
2678 1596 2922 1665 paucos
2978 1575 3272 1663 proferre
3325 1576 3686 1663 poffimus?
3740 1580 3891 1655 Jam
3952 1602 4073 1651 ve-
4283 1571 4291 1594 '

1076 1701 1157 1747 ro
1203 1678 1476 1747 confilio
1512 1728 1536 1765 ,
1601 1699 1680 1745 ac
1749 1676 2060 1767 sapientia
2129 1684 2248 1771 qui
2298 1700 2528 1770 regere
2564 1730 2591 1765 ,
2658 1698 2732 1743 ac
2787 1678 3163 1765 gubernare
3214 1675 3691 1764 rempublicam
3744 1681 3991 1767 poffent
4042 1732 4073 1771 ,
4275 1601 4291 1808 1

1077 1779 1276 1851 multi
1328 1778 1592 1866 nostra,
1637 1778 1854 1867 plures
1905 1798 2170 1869 patrum
2218 1781 2539 1849 memoria
2581 1830 2603 1863 ,
2676 1794 2875 1867 atque
2942 1780 3142 1845 etiam
3198 1779 3525 1857 maiarum
3590 1779 3983 1849 exstiterunt
4032 1806 4070 1847 e*
4275 1811 4285 1852 :

1079 1903 1240 1956 cum
1292 1878 1444 1947 boni
1495 1880 1726 1969 perdiu
1779 1881 1992 1969 nulli,
2043 1884 2160 1950 vix
2214 1902 2439 1954 autem
2494 1878 2769 1968 singulis
2842 1877 3137 1947 aetatibus
3196 1879 3436 1969 singuli
3494 1879 3863 1947 tolerabiles
3913 1899 4071 1949 ora·

1081 1998 1259 2053 tores
1307 1981 1797 2051 invenirentur.
1856 1986 2000 2068 Ac,
2049 2004 2134 2051 ne
2183 1986 2333 2072 quis
2383 1983 2550 2049 forte
2601 1999 2765 2054 cum
2820 1980 2969 2047 aliis
3014 1978 3239 2046 studIis
3284 2031 3305 2065 ,
3380 2000 3523 2067 quae
3593 1980 3943 2047 reconditis
3994 1982 4071 2051 in

1079 2082 1366 2167 artibuS,
1419 2098 1612 2172 atque
1661 2084 1730 2149 in
1783 2082 2077 2171 quadam
2131 2084 2446 2150 varietate
2500 2081 2845 2147 literarum
2905 2080 3241 2145 versentur
3286 2130 3309 2166 ,
3358 2080 3575 2167 magis
3628 2080 3799 2148 hanc
3852 2079 4073 2149 dicen-

1080 2181 1150 2249 di
1199 2184 1556 2267 rationem,
1607 2201 1810 2270 quam
1859 2204 2014 2249 cum
2067 2183 2477 2269 imperatoris
2535 2181 2773 2266 laude,
2823 2197 2936 2247 aut
2988 2201 3147 2249 cum
3202 2180 3350 2247 boni
3409 2179 3723 2249 senatoris
3779 2182 4069 2279 pruden-

1079 2283 1174 2351 tia
1221 2282 1740 2368 comparandam
1790 2299 2014 2371 putet;
2064 2299 2409 2352 convertat
2460 2282 2767 2351 animum
2818 2281 2899 2347 ad
2948 2302 3025 2349 ea
3080 2280 3215 2369 ipsa
3266 2284 3514 2349 artium
3552 2302 3811 2370 genera
3850 2334 3873 2366 ,
3945 2285 4067 2351 cir.

1079 2382 1594 2472 cumspiciatque
1645 2384 1760 2472 qui
1809 2383 1878 2450 in
1930 2385 2007 2451 iis
2061 2381 2405 2450 floruerint
2439 2433 2462 2465 ,
2530 2401 2863 2469 quamque
2914 2383 3110 2448 multi
3144 2406 3169 2441 .-
3242 2382 3329 2451 fic
3385 2382 3701 2451 facillime
3744 2434 3769 2470 ,
3816 2402 4073 2471 quanta

1082 2501 1416 2553 oratorum
1475 2483 1588 2568 fit,
1645 2484 2022 2573 semperque
2077 2482 2275 2548 fuerit
2326 2481 2667 2570 paucitas,
2719 2480 3064 2559 judicabit.

1111 2645 1120 2657 ,
1185 2587 1311 2647 111.
1368 2584 1603 2670 Neque
1669 2585 1848 2649 enim
1915 2598 1980 2649 te
2051 2580 2223 2671 fugit
2262 2635 2284 2670 ,
2352 2579 2777 2651 laudatarum
2848 2585 3092 2651 artium
3160 2588 3467 2657 omnium
3558 2588 4079 2677 procreatricem

1083 2681 1461 2773 quandam,
1509 2683 1579 2751 δι
1637 2681 1820 2771 quast
1870 2699 2214 2771 parentem
2264 2701 2457 2769 eam,
2502 2702 2707 2771 quam
2754 2685 3109 2766 φιλοσοφίαν
3182 2690 3398 2758 Graeci
3452 2705 3689 2759 vocant
3744 2741 3766 2773 ‚
3818 2685 3901 2753 ab
3950 2690 4073 2757 ho·

1083 2781 1376 2855 minibus
1447 2780 1822 2855 dostissimis
1891 2782 2230 2868 iudicari3
2296 2783 2365 2849 in
2418 2804 2551 2873 qua
2622 2784 2887 2853 difficile
2952 2786 3051 2855 est
3114 2808 3505 2855 enumerare
3542 2839 3567 2873 ‚
3636 2803 3817 2875 quon
3864 2787 3993 2857 viri
4046 2836 4075 2873 ‚

1081 2898 1334 2977 quanta
1387 2880 1691 2970 scientia,
1739 2901 2112 2975 quantaque
2162 2884 2231 2951 in
2284 2880 2416 2953 suis
2474 2880 2703 2951 studiis
2752 2889 3065 2955 varietate
3100 2938 3122 2972 ,
3190 2889 3265 2955 δε
3320 2887 3531 2971 copia.
3572 2884 3873 2951 fuerint:
3952 2888 4085 2973 qui

1087 3007 1224 3053 non
1275 2997 1413 3053 una
1465 2986 1684 3074 aliqua
1737 2988 1803 3053 in
1856 3006 1926 3051 re
1978 2982 2329 3071 separatim
2378 2981 2779 3053 elaborarint
2821 3038 2842 3070 ,
2910 2985 3018 3053 std
3064 2985 3290 3051 omnia
3326 3034 3349 3069 ,
3417 3002 3849 3073 quaecumque
3916 2988 4077 3071 (⁴¹)

1089 3086 1328 3171 efferat,
1383 3084 1492 3151 vel·
1542 3085 1812 3157 scientiae
1865 3084 2455 3175 pervestigatione,
2504 3084 2610 3153 vel
2660 3084 2995 3154 differendi
3044 3086 3303 3155 ratione
3368 3083 3997 3174 comprehenderint
4052 3128 4082 3152 .

1093 3191 1266 3271 Quis
1319 3189 1622 3275 ignorat,
1668 3189 1755 3274 ii,
1802 3190 1914 3278 qui
1969 3187 2443 3268 mathematici·
2474 3203 2793 3253 vocantur
2834 3235 2856 3272 ,
2904 3204 3150 3277 quanta
3204 3187 3273 3256 in
3325 3184 3716 3254 obscuritate
3768 3201 4003 3250 rerum
4054 3232 4083 3271 ,

1095 3291 1168 3356 δι
1221 3309 1424 3376 quam
1476 3289 1807 3356 recondita
1861 3291 1932 3355 in
1983 3307 2120 3356 arte
2192 3341 2213 3374 ,
2285 3291 2355 3358 ἀ
2412 3285 2771 3373 multiplici
2820 3338 2843 3372 ,
2948 3287 3292 3377 subtilique
3346 3283 3734 3352 versentur?
3790 3303 3927 3372 quo
3978 3297 4083 3349 ta-

1087 3407 1244 3462 men
1294 3388 1364 3454 in
1415 3409 1662 3477 genere
1712 3391 1804 3456 ita
1851 3389 2048 3458 multi
2099 3387 2363 3480 perfefti
2416 3388 2716 3456 homines
2760 3386 3197 3476 exstiterunt,
3249 3403 3323 3456 ut
3377 3405 3577 3456 nemo
3626 3383 3765 3451 fere
3807 3380 4081 3450 studuiss

1089 3485 1158 3556 se
1204 3488 1266 3556 ei
1317 3484 1594 3558 scientiae
1648 3489 2097 3560 vehementius
2151 3491 2503 3572 videatur,
2551 3487 2760 3576 quin,
2810 3489 2985 3577 quod
3041 3489 3334 3556 voluerit
3372 3538 3400 3572 ,
3461 3486 3855 3556 consecutus
3924 3485 4005 3552 fit
4056 3527 4085 3552 .

1089 3589 1264 3672 Qis
1311 3589 1617 3675 muficis,
1668 3592 1813 3680 quis
1866 3591 2024 3660 huic
2075 3591 2287 3658 studio
2334 3591 2679 3657 literarum
2718 3639 2747 3675 ‚
2810 3587 2989 3680 quod
3052 3588 3445 3678 profitentur
3516 3591 3560 3656 ii
3601 3639 3622 3673 ,
3690 3587 3800 3678 qui
3852 3603 4093 3673 grame-

1092 3688 1328 3756 matici
1385 3703 1751 3774 vocantur,
1801 3693 2062 3776 penitus
2113 3691 2175 3759 se
2226 3689 2511 3774 dedidit,
2559 3691 2723 3780 quin
2776 3711 3055 3760 omnem
3106 3691 3385 3760 illarum
3436 3691 3684 3756 artium
3750 3705 3917 3774 pene
3976 3687 4091 3752 in-

1093 3785 1358 3865 finitam
1411 3787 1550 3852 vim
1589 3837 1610 3868 ,
1683 3790 1754 3856 δι
1809 3791 2196 3875 materiam,
2269 3788 2537 3857 scientia
2606 3791 2677 3858 &
2734 3793 3133 3881 cogitatione
3182 3787 3747 3878 comprehenderit
3786 3786 3823 3850 ἓ
3895 3788 4093 3858 Vere

1091 3886 1260 3956 mihi
1308 3887 1438 3954 hoc
1493 3883 1712 3953 videor
1761 3885 1884 3952 effe
1933 3887 2232 3959 dicturus
2269 3942 2290 3975 ,
2356 3911 2443 3958 ex
2497 3890 2811 3986 omnibus
2862 3896 2943 3960 iis
2981 3945 3001 3976 ‚
3050 3893 3165 3978 qui
3236 3892 3307 3958 in
3356 3893 3599 3960 harum
3648 3888 3899 3958 artium
3952 3887 4095 3957 stu·

1094 3986 1218 4054 diis
1267 3983 1713 4056 liberaliffimis
1763 3984 1928 4072 fint,
1975 3989 2411 4080 dostriniffiue
2465 3990 2745 4076 versati,
2798 3991 3151 4060 minimam
3200 3995 3459 4080 copiam
3502 4008 3843 4081 poetarum
3890 4007 4097 4080 egre-0

1092 4089 1375 4178 giorum.
1415 4087 1753 4156 exstitiffe:
1807 4107 2002 4180 atque
2051 4093 2124 4159 in
2175 4092 2301 4160 hoc
2354 4091 2493 4180 ipso
2544 4111 2826 4160 numero
2860 4145 2885 4177 ,
2950 4093 3019 4158 in
3072 4113 3209 4182 quo
3258 4113 3522 4181 perraro
3591 4090 3890 4160 exoritur
3949 4091 4087 4158 ali.-

1095 4187 1246 4278 quis
1291 4185 1663 4276 excellens,
1713 4188 1763 4258 fi
1814 4188 2169 4282 diligenter
2224 4195 2294 4262 ἀ
2354 4215 2439 4260 ex
2494 4191 2863 4262 nostrorum
2891 4246 2912 4278 ,
2965 4194 3033 4263 &
3092 4213 3176 4260 ex
3231 4197 3618 4264 Graecorum
3668 4194 3853 4280 copia
3892 4209 4097 4260 com.-

1097 4307 1332 4382 parare
1383 4288 1606 4378 voles,
1655 4291 1867 4364 multo
1916 4307 2138 4362 tamen
2191 4299 2530 4382 pauciores
2580 4311 2873 4363 oratores
2918 4345 2941 4381 ,
3014 4315 3219 4385 quam
3268 4311 3469 4384 poetae
3538 4295 3689 4366 boni
3760 4297 4099 4378 reperien-

1099 4403 1249 4459 tur.
1295 4391 1494 4474 Quod
1541 4393 1667 4460 hoc
1715 4396 1918 4461 etiam
1972 4392 2333 4462 mirabilius
2380 4393 2567 4462 debet
2620 4392 2887 4482 videri,
2956 4397 3113 4487 quia
3175 4412 3567 4468 caeterarum
3630 4395 3889 4463 artium
3960 4395 4101 4469 stu.-

1031 4489 1040 4499 ’
1097 4487 1205 4559 dia
1257 4490 1391 4560 fere
1440 4491 1794 4576 reconditis
1847 4511 2042 4583 atque
2091 4495 2329 4562 abditis
2372 4517 2411 4564 e
2464 4489 2755 4566 fontibus
2774 4498 3223 4570 hauriuntur.-
3278 4499 3547 4569 dicendi
3596 4513 3824 4570 autem
3862 4501 4099 4570 omnis

1099 4593 1270 4660 tatio
1315 4593 1386 4660 in
1435 4595 1652 4663 medio
1701 4595 1902 4682 polita
1937 4643 1962 4680 ,
2009 4597 2355 4664 communi
2404 4593 2694 4686 quodam
2744 4599 2817 4666 in
2865 4597 2989 4668 ufir
3030 4651 3055 4688 ,
3120 4615 3317 4692 atque
3364 4605 3439 4674 in
3484 4602 3849 4674 hominum
3904 4617 4105 4676 more

3718 4705 3793 4776 ἀ
3848 4699 3995 4768 ser..

1136 4924 1949 4945 ‘mW——ss

1079 4997 1092 5006 ·
1153 5047 1550 5130 (Ὀζείαν)
1577 5049 1730 5114 Mn.
1761 5053 1930 5115 Grm.
1957 5044 2164 5126 μίαν
2184 5085 2209 5114 .
