4359 6321
1148 441 1342 536 4¹0
1988 405 3172 508 &RATOIQ

1024 539 1211 610 sitate
1265 557 1735 610 numerorum:
1788 535 1966 628 quod
2014 535 2308 604 declarat
2359 535 2427 602 in
2480 553 2560 602 eo
2610 531 2777 600 libro
2830 540 3032 620 (75)
3079 545 3284 622 quem
3333 521 3415 594 ad
3454 521 3836 622 Philippum
3875 535 4032 608 Ma.

1023 642 1348 710 cedonem
1406 638 1655 731 scripfit
1701 691 1723 723 ,
1769 659 1927 708 cum
1979 637 2115 716 jam
2170 635 2528 704 admodum
2579 634 2726 702 effer
2780 633 3022 702 senex:
3079 637 3153 702 in
3203 651 3339 722 quo
3388 626 3547 696 dicit
3603 627 3742 702 sese
3798 637 4030 711 minus

1028 745 1187 824 jam¹
1240 741 1481 811 servire
1553 741 1848 809 numeris
1893 793 1915 825 ,
1986 757 2194 830 quam
2247 737 2470 807 solitus
2518 736 2670 805 esset
2711 783 2730 810 .
2803 739 2906 804 Ita
2981 755 3112 804 non
3189 729 3386 802 modo
3442 727 3860 827 superiores,
3911 737 4028 810 sed

1022 847 1231 916 etiam
1288 841 1353 911 se
1404 840 1553 930 ipse·
1583 857 1998 917 correxerat.

1131 947 1331 1013 L1·11.
1407 946 1751 1028 Quoniam
1822 943 2023 1034 igitur
2094 939 2414 1012 habemus
2489 954 2648 1027 aptae
2722 936 3037 1005 orationis
3103 957 3216 1005 eos
3265 933 3639 1026 principes,
3705 940 4036 1010 auam-es.

1027 1067 1201 1137 que,
1251 1066 1416 1136 quos
1466 1046 1909 1136 dicimusu&
1968 1045 2157 1136 origo
2209 1045 2480 1112 inventa
2530 1037 2675 1106 est:
2728 1038 2926 1112 cansa
2981 1053 3308 1128 quaeratur
3341 1087 3360 1104 .
3435 1039 3606 1124 Qae
3657 1040 3748 1112 fic
3801 1061 4040 1134 aperta·

1026 1147 1160 1235 est,
1213 1165 1287 1215 ut
1340 1149 1543 1216 mirer
1572 1154 1609 1232 ,'
1652 1163 1905 1216 veteres
1958 1168 2093 1215 non
2144 1147 2267 1212 effe
2317 1157 2724 1226 commotos,
2775 1137 3129 1228 praesertim
3179 1161 3340 1210 cum
3382 1191 3404 1224 ,
3473 1154 3558 1206 ut.
3604 1143 3686 1212 fit
3721 1197 3742 1230 ,
3793 1145 4038 1218 fortui-

1029 1269 1103 1317 to
1156 1249 1312 1340 saepe
1362 1249 1615 1339 aliquid
1668 1245 1979 1316 concluse
2030 1301 2049 1332 ,
2120 1263 2398 1334 apteque
2471 1243 2766 1310 dicerent
2807 1266 2832 1305 .-
2907 1245 3081 1333 quod
3153 1263 3314 1310 cum
3367 1237 3625 1312 animos
3673 1245 4036 1318 hominum

1032 1351 1351 1442 auresque
1404 1349 1730 1440 pepulisset
1772 1401 1793 1434 ,
1864 1365 1940 1415 ut
1996 1347 2276 1434 intelligi
2335 1345 2522 1434 poffet
2564 1396 2584 1429 ,
2657 1345 2716 1409 id
2763 1395 2784 1428 ,
2850 1345 3024 1432 quod
3081 1343 3270 1412 casus
3324 1331 3685 1433 effudiffe’t‚
3737 1348 4040 1418 cecidiffe

1044 1453 1327 1532 jucunde
1370 1477 1387 1517 ε
1462 1449 1834 1520 notandum
1887 1465 2063 1514 certe
2116 1468 2335 1536 genus
2377 1500 2396 1532 ,
2469 1463 2664 1536 atque
2717 1445 2826 1534 ipsi
2886 1446 2992 1512 fibi
3047 1446 3346 1516 imitandi
3402 1446 3676 1515 fuerunt
3725 1499 3739 1516 .
3817 1455 4038 1520 Aures

1033 1555 1257 1639 enim,
1309 1553 1736 1638 velnanimus
1790 1549 2052 1615 aurium
2108 1550 2344 1616 nuntio
2397 1546 2774 1615 naturalem
2824 1547 3161 1637 quandam
3214 1550 3280 1613 in
3339 1548 3401 1614 se
3449 1551 3744 1619 continet
3787 1573 4036 1620 vocum

1033 1658 1338 1724 omnium
1396 1641 1809 1719 mensionem
1850 1699 1865 1718 .
1926 1653 2165 1739 Itaque
2222 1653 2294 1720 δε
2371 1651 2672 1738 longiora
2742 1651 2812 1719 ὅ(
2873 1649 3172 1718 breviora
3227 1649 3478 1728 judicat
3519 1705 3540 1740 ,
3613 1654 3684 1721 δε
3741 1653 4040 1742 perfetta

1036 1780 1112 1826 ac
1168 1755 1508 1822 moderata
1564 1751 1811 1840 semper
1866 1751 2196 1841 exspectat
2239 1801 2254 1818 .
2311 1752 2550 1824 Mutila
2611 1751 2799 1818 sentit
2851 1752 3197 1842 quaedam,
3249 1755 3318 1820 δε
3377 1753 3562 1842 quali
3615 1754 3964 1824 decurtata
4021 1779 4046 1822 ε

1040 1857 1317 1948 quibuS‚
1368 1873 1694 1944 tanquam
1744 1853 1960 1922 debito
2014 1854 2362 1923 fraudetur
2407 1907 2426 1939 ,
2493 1851 2900 1920 offenditur:
2973 1851 3396 1942 produstiora
3453 1855 3582 1922 alia
3621 1908 3642 1942 ‚
3717 1858 3785 1926 &
3843 1857 4046 1946 quali

1037 1956 1547 2028 immoderatius
1600 1957 2022 2026 excurrentia
2063 2011 2083 2044 ,
2136 1980 2278 2048 quae
2331 1957 2546 2044 magis
2601 1955 2803 2022 etiam
2857 1953 3288 2044 aspernantur
3336 1975 3580 2024 aures:
3637 1958 3815 2048 quod
3873 1979 4050 2026 cum

1044 2063 1111 2128 in
1167 2055 1533 2149 plerisque,
1588 2076 1736 2127 tum
1791 2059 1854 2124 in
1910 2059 2035 2126 hoc
2090 2048 2330 2148 genere
2382 2057 2672 2124 nimium
2727 2054 2902 2148 quod
2953 2055 3044 2124 est
3086 2110 3106 2142 ,
3177 2055 3448 2124 oflendit
3499 2057 3956 2126 vehementius
4017 2111 4046 2144 ,

1048 2181 1259 2254 quam
1312 2161 1415 2246 id,
1466 2157 1645 2249 quod
1704 2159 1966 2236 videtur
2020 2180 2258 2251 parum
2297 2207 2314 2228 .
2391 2159 2487 2223 Ut
2561 2157 2761 2247 igitur
2829 2160 3076 2250 poetica
3150 2155 3498 2230 &mersus
3567 2161 3881 2227 inventus
3929 2160 4040 2228 est

1040 2263 1503 2333 terminatione
1552 2263 1860 2348 aurium,
1910 2261 2366 2330 observatione
2419 2258 2846 2347 prudentium
2887 2288 2908 2350 ,-
2985 2258 3068 2330 sle
3122 2263 3192 2327 in
3245 2260 3533 2328 oratione
3605 2251 4054 2328 animadver-

1044 2364 1203 2438 sum'
1246 2362 1338 2433 est
1378 2417 1400 2450 ,
1472 2364 1694 2431 multo
1746 2364 1909 2434 illud
1970 2365 2238 2458 quidem
2292 2362 2494 2430 serius
2532 2413 2554 2446 ‚
2627 2361 2738 2429 sed
2807 2361 3034 2432 eadem
3103 2377 3346 2434 natura
3395 2359 3782 2434 admonente
3821 2413 3846 2448 ,
3914 2360 4058 2429 effe

1046 2465 1363 2558 quosdam
1414 2481 1627 2537 certos
1684 2469 1956 2549 cursuS‚
2010 2462 3041 2557 conclusionesque-verborum.

1146 2567 1487 2648 Quoniam
1539 2568 1740 2656 igitur
1791 2566 2063 2637 causam
2112 2585 2384 2658 quoque
2428 2563 2829 2638 ostendimus
2869 2590 2890 2630 :
2969 2583 3288 2633 naturam
3344 2587 3525 2642 nunc
3563 2617 3584 2652 ,
3659 2571 3685 2653 (
3744 2563 3811 2632 id
3859 2565 4054 2632 enim

941 2694 947 2702 ·
1046 2681 1180 2736 erat
1234 2667 1505 2734 tertium
1561 2677 1587 2756 )
1663 2667 1709 2734 s1
1762 2671 2041 2758 placet,
2110 2669 2580 2761 explicemus:
2653 2690 2794 2757 quae
2864 2665 3220 2756 disputatio
3291 2689 3425 2735 non
3499 2669 3713 2745 hujus
3765 2663 4054 2734 instituti

1049 2769 1368 2836 sermonis
1418 2768 1550 2854 est,
1606 2766 1709 2836 sed
1762 2772 1920 2838 artis
1972 2772 2254 2840 intima:-
2315 2771 2540 2856 Qlaeri
2591 2771 2767 2838 enim
2820 2767 3020 2862 potest
3059 2821 3080 2854 ,
3131 2774 3246 2860 qui
3300 2768 3381 2836 srt
3435 2769 3756 2836 orationis
3809 2787 4052 2837 nume-

1009 2891 1205 2955 2ru3,
1254 2872 1325 2940 δε
1382 2866 1495 2938 ubi
1551 2871 1834 2958 positus,
1890 2875 1959 2940 δε
2018 2888 2217 2940 natus
2267 2893 2354 2938 ex
2409 2891 2583 2960 quo:
2635 2873 2703 2941 δε
2763 2873 2818 2938 is
2870 2869 3264 2940 unusne‘srt
3309 2924 3332 2958 ,
3381 2890 3468 2936 an
3521 2872 3656 2938 duo
3691 2922 3714 2956 ,
3761 2891 3851 2936 an
3903 2871 4058 2958 plu·

1048 2993 1200 3056 res,
1250 2989 1511 3066 quaque
1562 2973 1814 3041 ratione
1870 2991 2350 3062 componatur,
2403 2973 2474 3044 δε
2534 2971 2616 3040 ad
2671 2993 2874 3062 quam
2927 2993 3118 3059 rem,
3171 2974 3240 3043 &
3301 2972 3618 3064 quando,
3666 2972 3737 3042 δε
3797 2974 4052 3060 quolo-

1048 3093 1131 3140 co
1166 3122 1188 3156 ‚
1244 3073 1315 3143 ὅ(
1374 3071 1932 3165 quemadmodum
1984 3072 2310 3144 adhibitus
2364 3073 2612 3168 aliquid
2667 3073 3019 3165 voluptatis
3073 3073 3302 3142 afferat
3343 3119 3360 3140 .
3416 3072 3545 3143 Sed
3594 3125 3615 3159 ,
3668 3088 3740 3140 ut
3793 3075 3858 3142 in
3907 3071 4048 3163 ple-

1048 3172 1265 3263 risque
1317 3174 1515 3243 rebus
1555 3228 1576 3261 ,
1630 3174 1715 3246 fic
1770 3178 1841 3245 in
1892 3177 2019 3249 hac
2059 3230 2083 3263 ‚
2147 3177 2394 3267 duplex
2449 3176 2543 3245 est
2594 3176 3044 3249 considerandi
3116 3179 3284 3267 via,
3353 3197 3646 3269 quarum
3699 3174 3910 3245 altera
3953 3174 4052 3245 est

1051 3277 1361 3365 longior,
1416 3276 1673 3345 brevior
1727 3278 1975 3366 altera,
2026 3280 2260 3350 eadem
2309 3280 2514 3347 etiam
2568 3279 2864 3371 planior.
3147 3300 3156 3309 ·

1148 3380 1333 3445 LIV.
1390 3378 1501 3447 Est
1553 3394 1779 3451 autem
1834 3381 2149 3471 longioris
2199 3384 2414 3475 prima
2463 3381 2582 3451 illa
2635 3382 2940 3472 quaestio,
2987 3382 3154 3452 fitne
3204 3382 3482 3450 omnino
3531 3380 3670 3447 ulla
3729 3400 4068 3449 numero-

1052 3479 1119 3546 sa
1173 3480 1419 3547 oratio.
1476 3478 1886 3566 Qiibusdam
1937 3485 2121 3553 enim
2172 3504 2310 3555 non
2364 3484 2686 3555 videtur:
2756 3486 2913 3577 quia
2985 3484 3155 3553 nihil
3227 3484 3374 3553 infit
3427 3484 3497 3552 in
3549 3502 3626 3549 ea
3673 3484 3843 3549 certi
3885 3536 3906 3569 ,
3977 3496 4056 3547 ut

1050 3582 1118 3647 in
1174 3579 1506 3677 versibus:
1566 3584 1639 3651 δι’.
1694 3585 1871 3677 quod
1919 3583 2033 3675 ipsi
2070 3634 2096 3677 ,
2142 3584 2262 3675 qui
2313 3585 2652 3659 affirmant
2705 3606 2816 3656 eos
2863 3586 2986 3655 effe
3037 3606 3348 3655 numeros
3387 3636 3410 3671 ,
3480 3584 3805 3652 rationem
3848 3636 3869 3671 ,
3925 3604 4049 3651 eur

1053 3682 1223 3766 sint,
1272 3702 1405 3747 non
1461 3700 1707 3771 queant
1758 3685 2059 3757 reddere.
2118 3687 2380 3757 Deinde
2417 3738 2439 3777 ,
2493 3690 2537 3758 fi
2595 3687 2671 3757 fit
2721 3708 3040 3761 numerus
3095 3691 3164 3757 in
3217 3689 3568 3756 oratione:
3624 3686 3846 3779 qualis
3901 3683 3978 3750 fit
4033 3730 4066 3769 ,-

1051 3794 1169 3848 aut
1220 3781 1499 3868 quales:
1557 3785 1629 3855 δε
1684 3805 1723 3851 e
1774 3787 2123 3885 poeticisne
2176 3792 2519 3878 numeris,
2563 3810 2650 3858 an
2699 3812 2784 3860 ex
2841 3792 2978 3859 alio
3033 3810 3280 3881 genere
3335 3790 3666 3885 quodam:
3727 3791 3798 3860 ὅ(
3842 3837 3865 3873 ‚
3917 3786 3964 3854 fi
4015 3806 4059 3855 e

1050 3881 1325 3970 poeticis
1343 3906 1368 3969 ,-
1420 3884 1571 3973 quis
1623 3904 1855 3963 eorum
1908 3889 2027 3977 fit,
2075 3905 2194 3961 aut
2247 3894 2403 3981 qui.
2457 3896 2768 3983 Namque
2815 3893 2964 3961 aliis
3023 3908 3198 3964 unus
3249 3893 3495 3987 modo,
3549 3890 3700 3959 aliis
3751 3891 3982 3980 plures
4033 3942 4056 3975 ,

1052 3984 1201 4049 aliis
1252 4003 1483 4053 omnes
1534 3985 1735 4057 iidem
1796 3990 2138 4065 videntur.
2198 3993 2504 4080 Deinde,
2551 3999 2959 4085 quicumque
3011 3992 3206 4081 sunt,
3259 3994 3394 4063 five
3446 4012 3670 4077 unm,
3719 3992 3856 4061 ffve
3897 3990 4052 4077 plu-

1055 4104 1199 4171 re83
1248 4086 1725 4161 communesne
1776 4091 1901 4158 sint
1954 4094 2139 4159 omni
2194 4096 2424 4181 generi
2473 4097 2834 4164 orationis:
2888 4096 3205 4184 quoniam
3260 4096 3440 4165 aliud
3494 4114 3700 4187 genus
3745 4090 3834 4159 est
3885 4112 4048 4159 nar-

1056 4184 1289 4272 randi,
1340 4186 1521 4257 aliud
1572 4188 2043 4284 persuadendi,
2094 4194 2280 4263 aliud
2331 4194 2649 4265 docendi:
2708 4220 2794 4266 an
2849 4197 3136 4286 dispares
3191 4198 3450 4267 numeri
3522 4196 3754 4285 cuique
3804 4192 4056 4262 oratio·

1054 4291 1159 4356 nis
1208 4290 1435 4379 generi
1487 4294 2103 4363 accommodentur.
2162 4298 2228 4365 si
2284 4318 2715 4387 communes,
2767 4300 2880 4393 qui
2935 4298 3095 4368 fint:
3153 4300 3200 4368 fi
3252 4300 3586 4387 dispares,
3637 4296 3798 4391 quid
3853 4296 4058 4365 inter-

1056 4390 1176 4476 fit,
1228 4393 1297 4459 ὅ(
1352 4411 1470 4462 cur
1524 4416 1657 4463 non
1711 4418 1893 4489 aeque
1946 4399 2017 4463 in
2068 4400 2404 4487 oratione,
2457 4420 2652 4493 atque
2703 4403 2772 4471 in
2831 4400 3023 4472 versu
3079 4422 3396 4475 numerus
3446 4414 3794 4489 appareat.
3852 4399 4056 4467 Dein-

1054 4491 1201 4581 de„
1228 4494 1405 4593 quod
1453 4494 1689 4566 dicitur
1745 4502 1813 4569 in
1870 4500 2167 4571 oratione
2217 4504 2650 4577 numerosum
2684 4556 2706 4597 ‚
2771 4504 2840 4575 id
2895 4520 3144 4575 utrum.
3177 4524 3466 4576 numero
3533 4500 3756 4573 solum
3807 4500 4065 4571 efficia-

1268 4674 1305 4695 α
2116 4628 2121 4631 ’
3323 4692 3328 4697 ,
3797 4621 3958 4692 tur,

1076 4794 4047 4848 w

1142 4968 1254 5035 (75
1279 4970 1309 5031 )
1346 4970 1414 5031 In
1466 4990 1520 5027 eo
1556 4969 1755 5041 libro>
1790 4978 1863 5036 In
1901 4972 2151 5035 oratione
2184 4974 2252 5035 ad
2288 4974 2513 5053 Philip·
2614 4978 2714 5039 ciae
2751 4980 2966 5041 urbibus
3001 4976 3366 5041 reconciliatis
3395 5018 3418 5049 ‚
3455 4976 3662 5039 bellum
3696 4971 3876 5039 Persis
3907 4968 4058 5035 infle—

1081 5052 1237 5107 Pumo
1268 5055 1372 5109 <1²1⁸
1410 5060 1533 5103 eum
1570 5042 1865 5119 hortatur,
1904 5068 1965 5109 ut
2000 5048 2300 5125 praecipuis
2333 5052 2506 5111 Grae-
2614 5071 2729 5113 rat.
2761 5052 2946 5113 Idem.
3277 5106 3284 5113 .
