4359 6321
871 440 1479 529 LJBER
1604 441 2408 539 PRIMUS.
2952 404 3129 575 1'45

257 566 492 651 Itaque
537 554 894 625 hilaritatis
940 560 1213 647 plenum
1269 556 1586 636 judicium
1628 612 1648 643 ‚
1717 582 1796 629 ac
1849 560 2082 632 laetitiae
2137 564 2263 632 fuit
2306 594 2324 634 ε
2396 568 2468 635 in
2520 588 2653 658 quo
2706 569 2863 663 quid
2918 573 3033 643 tibi
3085 578 3253 657 juris

259 662 466 737 civilis
514 658 892 725 exercitatio
941 658 1262 749 profuerit
1297 712 1318 744 ‚
1353 680 1506 725 xnon
1559 660 1914 751 intellig03
1971 665 2233 733 dicendi
2289 669 2387 737 vis
2440 672 2707 763 egregia
2754 725 2776 760 ,
2846 670 3107 749 summa
3159 668 3257 743 fe·

255 765 576 845 stivitate,
629 764 700 829 &
763 759 1102 826 venustate
1153 761 1504 838 conjunaa
1557 762 1841 847 profuit.

347 862 500 953 Ipse
553 863 670 929 ille
721 862 988 932 Mucius
1041 864 1288 947 paterni
1340 864 1502 939 juris
1550 862 1852 931 defensor
1888 918 1909 949 ,
1979 867 2050 935 δε
2107 870 2289 959 quasi
2344 874 2715 960 patrimonii
2793 896 3241 970 propugnator

253 968 346 1035 sui
388 1019 408 1051 ,
467 962 625 1053 quid
677 962 744 1027 in
797 962 917 1029 illa
970 960 1212 1047 causa,
1256 985 1414 1029 cum
1469 982 1698 1030 contra
1751 983 1815 1032 te
1863 968 2150 1053 diceret,
2198 972 2420 1040 attulit
2464 1028 2483 1061 ‚
2534 978 2710 1064 quod
2762 978 2841 1047 de
2894 982 3039 1058 jure
3088 983 3253 1051 civi-

251 1070 298 1137 li
349 1074 820 1155 depromptum
873 1062 1202 1129 videretur
1243 1064 1276 1125 ?
1349 1086 1547 1153 quam
1603 1067 1824 1153 legem
1874 1069 2172 1137 recitavit
2214 1072 2248 1133 ,ἓ
2324 1075 2482 1160 quid
2542 1077 2846 1162 patefecit
2898 1082 3179 1151 dicendo
3230 1136 3251 1171 ‚

249 1168 428 1259 quod
483 1166 691 1233 fuiffet
745 1166 1060 1253 imperitis
1111 1164 1436 1233 occultius
1478 1169 1514 1227 ἕ
1585 1168 1840 1255 Nempe
1907 1170 2050 1246 eius
2118 1174 2340 1247 omnis
2413 1178 2623 1245 oratio
2700 1177 2951 1244 versata
3022 1182 3114 1247 est
3186 1186 3255 1249 in

251 1292 369 1357 e0‚
423 1287 499 1335 ut
553 1265 876 1353 scriptum
927 1264 1298 1352 plurimum
1353 1267 1570 1333 valere
1641 1284 1938 1355 oportere
1989 1270 2367 1341 defenderet
2410 1323 2427 1342 .
2506 1280 2599 1342 At
2667 1276 2737 1343 in
2810 1278 2935 1344 hoc
3010 1302 3253 1369 genere

253 1373 440 1459 pueri
495 1367 664 1457 apud
717 1367 1064 1455 magistros
1113 1382 1510 1436 exercentur
1561 1388 1794 1436 omnes
1839 1423 1862 1455 ‚
1911 1392 2071 1439 cum
2122 1373 2193 1438 in
2243 1374 2565 1452 ejusmodi
2620 1379 2831 1447 causis
2882 1380 3045 1448 alias
3099 1381 3255 1449 scri-

251 1492 490 1561 ptum,
543 1470 708 1535 alias
757 1470 1125 1556 aequitatem
1197 1468 1544 1536 defendere
1607 1468 1931 1539 docentur
1976 1522 1992 1537 .
2065 1475 2148 1539 Et
2200 1476 2393 1541 credo
2444 1477 2515 1542 in
2568 1478 2691 1549 illa
2744 1479 2981 1547 militis
3050 1480 3252 1549 causa.

248 1588 284 1661 (
325 1593 412 1651 17
444 1584 512 1656 )‚
565 1569 610 1635 si
662 1585 734 1637 tu
787 1586 898 1636 aut
949 1568 1296 1656 heredem,
1349 1588 1462 1641 aut
1513 1569 1798 1639 militem
1849 1570 2233 1641 defendisses
2278 1629 2297 1662 ,
2350 1576 2435 1643 ad
2490 1576 2895 1645 Hostilianas
2946 1594 3010 1647 te
3060 1582 3259 1649 astio-

251 1692 374 1740 nes
428 1680 672 1759 (18),
721 1692 858 1739 non
909 1671 992 1736 ad
1043 1688 1232 1739 tuam
1284 1672 1425 1739 vim
1498 1674 1569 1741 δε
1623 1675 1982 1741 oratoriam
2037 1676 2431 1745 facultatem
2484 1677 2851 1747 contulisses
2889 1728 2905 1744 .
2980 1683 3091 1747 Tu
3144 1702 3253 1749 ve-

249 1794 370 1859 ro,
428 1772 532 1839 vel
593 1772 638 1838 fi
687 1772 1154 1840 testamentum
1205 1774 1622 1858 defendam,
1677 1773 1762 1841 sic
1813 1796 2044 1865 ageres
2084 1830 2104 1863 ‚
2175 1794 2249 1845 ut
2301 1798 2500 1847 omne
2554 1780 2865 1847 omniurn
2915 1780 3261 1847 testamen-

252 1890 504 1939 torum
550 1873 656 1945 ius
705 1873 774 1935 in
825 1894 906 1937 eo
956 1872 1202 1949 iudicio
1254 1876 1536 1957 positum
1591 1875 1976 1943 videretur:
2055 1879 2159 1946 vel
2222 1878 2266 1945 si
2318 1878 2597 1948 causam
2668 1901 2895 1971 ageres
2950 1882 3184 1949 militis
3238 1928 3261 1966 ‚

253 1988 524 2059 patrem
575 1969 762 2053 eim,
810 1984 884 2035 ut
937 1969 1104 2035 soles
1145 2022 1166 2053 ,
1233 1972 1512 2037 dicendo
1584 1994 1622 2037 a
1675 1980 1954 2044 mortuis
2025 1980 2423 2067 excitasses3
2493 1979 2803 2049 statuiffes
2875 1998 3027 2049 ante
3098 2004 3261 2049 ocu-

251 2072 402 2154 los;
464 2068 850 2155 complexus
901 2070 1050 2136 effet
1103 2068 1368 2156 filiurn,
1421 2068 1714 2157 flensque
1763 2093 1919 2141 eum
1971 2081 2416 2147 centumviris
2466 2082 2971 2148 commendaffet
3015 2107 3040 2165 ,-
3098 2082 3265 2167 lapi-

251 2170 369 2234 des
425 2168 810 2235 mehercule
858 2190 1092 2237 omnes
1147 2168 1302 2238 flere
1351 2190 1432 2238 ac
1484 2170 1838 2241 lamentari
1891 2175 2237 2263 coegisset3
2290 2193 2363 2244 ut
2417 2158 2643 2245 totum
2698 2179 2867 2245 illud
2907 2232 2929 2263 ‚
2982 2187 3089 2245 Uti
3144 2180 3267 2245 lin-

243 2292 384 2355 gua
441 2265 842 2355 nuncupaffet
897 2283 1162 2361 (19),
1235 2293 1366 2339 non
1438 2273 1508 2336 in
1561 2274 1716 2337 XII.
1769 2268 2010 2341 tabulis
2071 2328 2093 2362 ,
2161 2297 2325 2365 quas
2402 2290 2481 2343 tu
2550 2278 2861 2345 omnibus
2930 2274 3265 2349 bibliothe-

253 2369 357 2437 cis
412 2370 754 2455 anteponis
795 2419 814 2454 ‚
867 2369 974 2437 fied
1025 2373 1094 2436 in
1147 2371 1440 2460 magistri
1493 2372 1789 2440 carmine
1839 2386 2042 2461 (ιο)
2099 2375 2421 2463 scriptum
2475 2376 2841 2449 videretur.
3307 2449 3314 2456 ,

359 2472 626 2537 LVIIL
683 2474 864 2537 Nam
914 2470 1087 2561 quod
1139 2474 1448 2541 inertiam
1499 2471 1766 2539 accusas
1819 2474 2376 2561 adolescentium,
2424 2478 2539 2565 qui
2616 2477 2805 2545 istam
2850 2488 2887 2563 -(
2918 2481 2949 2517 ⁴¹
2976 2486 3009 2561 )
3060 2494 3271 2547 artem

249 2572 560 2661 primum
614 2570 1004 2640 facillimam
1057 2594 1190 2641 non
1233 2572 1532 2643 ediscant
1573 2598 1594 2658 3
1661 2596 1804 2663 quae
1851 2595 2054 2664 quam
2113 2576 2189 2643 sit
2244 2574 2456 2643 facilis
2493 2630 2513 2662 ,
2580 2577 2682 2645 illi
2736 2576 3022 2645 viderint
3062 2632 3083 2663 ,
3156 2582 3271 2668 qui

247 2675 402 2750 eius
457 2674 622 2738 artis
674 2673 1050 2763 arrogantia
1095 2727 1114 2760 ,
1185 2676 1364 2765 quasi
1415 2673 1804 2741 difficillima
1873 2676 1948 2743 fit
1981 2708 2011 2763 -,
2077 2678 2170 2743 ita
2224 2675 2481 2745 subnixi
2553 2675 2897 2744 ambulant
2934 2700 2957 2739 :
3030 2678 3269 2747 deinde

125 2790 132 2796 ·
247 2776 460 2841 etiam
517 2790 590 2838 tu
667 2771 796 2861 ipie
849 2772 1092 2842 videris
1125 2828 1147 2863 ,
1222 2778 1337 2867 qui
1385 2794 1538 2844 eam
1612 2790 1818 2842 artem
1872 2776 2143 2847 facilem
2198 2778 2318 2845 effe
2370 2775 2537 2845 dicis
2578 2828 2601 2863 ‚
2670 2798 2913 2866 quam,
2960 2781 3270 2847 concedis

249 2874 490 2943 adhuc
545 2889 758 2941 artem
807 2875 1085 2944 omniuo
1137 2898 1268 2944 non
1324 2876 1491 2962 effe,
1546 2874 1652 2943 sed
1707 2877 2070 2966 aliquando
2105 2928 2128 2965 ‚
2198 2877 2247 2945 si
2298 2878 2443 2968 quis
2502 2872 2707 2945 aliam
2758 2867 2971 2946 artem
3018 2878 3271 2949 didice-

249 2976 384 3067 rit,
439 2994 521 3042 ut
575 2977 746 3043 hanc
798 2992 1012 3045 artem
1065 2978 1320 3047 efficere
1371 2977 1592 3065 poffit,
1640 2992 1788 3046 tum
1837 2980 1958 3049 effe
2010 2978 2203 3047 illam
2252 2996 2469 3049 artem
2518 2974 2821 3049 futuram
2860 3028 2877 3047 .
2938 2979 3196 3050 Deinde
3246 3034 3271 3069 ‚

477 3080 526 3133 Τ
534 3096 649 3139 om.
705 3082 758 3139 L
2119 3082 2183 3146 T
2998 3082 3174 3172 quod

259 3257 3276 3324 m

331 3389 364 3449 <
395 3389 518 3450 17)
555 3385 772 3468 Ira-illa
806 3388 1008 3444 mititis
1061 3387 1229 3458 causa
1261 3393 1288 3452 )
1340 3390 1429 3446 De
1481 3407 1581 3460 qua
1633 3389 1721 3449 di-

251 3461 416 3515 etum
458 3455 740 3530 superius-
779 3463 934 3518 Pater
952 3459 1150 3526 filium,
1181 3461 1270 3532 qui
1309 3478 1422 3516 erat
1463 3461 1520 3516 in
1561 3479 1722 3518 exer-

249 3531 416 3660 εὲῑὲι,
453 3527 1120 3658 οδὶίἰὲἓξῗΙΓοΐυάἰνίῑρ
1151 3532 1314 3658 “imm
1349 3528 1590 3610 instituit
1622 3529 1722 3588 he-

241 3624 280 3662 r
361 3621 499 3659 em:
565 3621 686 3659 rei
770 3621 959 3658 inies:
1016 3619 1128 3658 eit
1203 3621 1232 3656 e
1265 3622 1296 3658 e
1353 3621 1415 3658 in
1494 3619 1730 3660 aternam

251 3673 648 3732 hereditatem
667 3711 682 3726 .
727 3673 986 3742 Prusteus
1007 3712 1022 3729 .
1047 3623 1078 3673 g
1233 3621 1264 3673 g
1453 3619 1490 3674 p

328 3749 366 3809 (
394 3752 460 3802 18
483 3749 512 3808 )
553 3741 896 3812 Hostilianas
953 3749 1184 3802 ustiones
1214 3749 1241 3808 )
1287 3741 1422 3813 Quis
1456 3742 1727 3804 Hostilius

250 3817 366 3876 iste
410 3813 486 3872 fit
521 3815 842 3885 ambigitur.
879 3816 1216 3886 Pomponius
1254 3815 1404 3870 inter
1438 3815 1727 3888 jurisperi-

245 3909 344 3946 tos
387 3906 518 3944 non
557 3883 827 3944 recensuit
860 3925 876 3941 .
933 3886 1194 3944 Actiones
1247 3884 1580 3944 Hostilianas
1633 3887 1726 3943 in-

248 3974 653 4032 terpretantur
689 3957 953 4015 nonnulli
993 3954 1334 4032 praestriptas
1371 3955 1610 4013 Hostilia
1641 3957 1722 4014 le-

243 4048 532 4110 ge,·qiiae
570 4048 719 4086 anno
750 4029 840 4088 U.
872 4029 946 4088 C.
969 4030 1354 4091 DLxxxm.
1393 4027 1499 4084 lata
1537 4027 1614 4085 est
1651 4027 1748 4085 de·

243 4113 424 4162 tui-tis
464 4123 481 4158 .·
524 4119 586 4156 ut
622 4098 752 4157 furti
788 4119 944 4172 agere
998 4099 1186 4157 liceret
1239 4115 1428 4162 eorum
1463 4099 1722 4167 nomine,

243 4172 348 4249 qui
391 4169 548 4244 apud
587 4169 770 4229 hostes
805 4169 1016 4239 essent,
1053 4175 1158 4230 &c.
1196 4169 1382 4228 Idem'.

323 4249 354 4310 (
387 4251 506 4316 19)
549 4247 652 4300 Uti
686 4245 885 4314 lingua
923 4241 1278 4317 nuncupafflt
1317 4251 1344 4308 )
1383 4245 1594 4321 Legunt
1633 4240 1727 4300 alii

242 4311 620 4390 nuncupaffit
651 4355 670 4380 ,
725 4312 833 4374 hoc
887 4313 963 4371 est
1005 4356 1024 4381 ‚
1085 4330 1484 4385 nuncupaverit
1516 4353 1532 4370 .
1589 4315 1732 4372 Haec

241 4408 419 4448 erant
477 4403 750 4459 concepta
807 4386 966 4442 verba
1020 4384 1304 4442 duodecim
1375 4385 1668 4443 tabularum
1706 4421 1722 4440 .

243 4467 354 4520 Uti
393 4461 618 4530 liugan
653 4455 1006 4531 nuncupaſj'et
1037 4499 1056 4525 ‚
1093 4463 1182 4514 ita
1215 4465 1306 4528 jus
1346 4457 1448 4528 esto
1483 4494 1499 4511 .
1551 4458 1730 4525 Cujus

242 4533 516 4593 formulae
560 4534 622 4586 δι
657 4530 914 4588 carminis
951 4549 1010 4586 ea
1047 4526 1320 4586 sententia
1357 4526 1435 4586 est
1468 4571 1486 4596 ,
1549 4528 1608 4584 in
1646 4525 1734 4583 di·-

1891 3395 2048 3455 (ιο)
2086 3399 2151 3446 In
2191 3389 2445 3460 magistri
2480 3393 2763 3450 carmine)
2804 3397 3049 3444 Carmen
3086 3389 3271 3452 magi·-

1813 3460 1919 3531 spru·
1953 3461 2291 3531 interpretor
2320 3501 2339 3526 ,
2374 3459 2656 3524 tabellam,
2690 3477 2849 3531 quam
2887 3453 3133 3525 magister
3148 3473 3281 3525 pro-

1829 3531 2099 3602 ponebat,
2137 3535 2195 3588 &
2231 3543 2331 3603 qua
2366 3527 2732 3603 perscribebat
2773 3523 2829 3585 se
2883 3525 3116 3604 alicujus·
3142 3525 3279 3581 bona

1833 3601 2222 3658 venditurum--
2261 3607 2389 3672 Ejus
2427 3601 2575 3660 enim
2611 3599 2783 3664 olim,
2824 3596 2925 3670 qui
2958 3595 3145 3654 multis
3182 3591 3279 3652 de·

1827 3672 2019 3738 bebat,
2059 3672 2401 3745 latitabatque
2422 3715 2439 3738 ‚
2479 3689 2654 3744 neque
2684 3666 3083 3727 defendebatur
3105 3706 3122 3731 ‚
3156 3683 3278 3722 cre-

1832 3743 2047 3803 ditores
2084 3762 2380 3814 praetorern
2414 3743 2675 3807 adibant,
2714 3739 2856 3812 apud
2891 3755 3053 3811 quem
3084 3754 3280 3808 quere—

1830 3815 2064 3890 bantur,
2117 3814 2495 3887 bonorumque
2562 3811 2953 3890 posseffioneni
2988 3809 3275 3882 petebant:

1827 3905 1980 3958 quam
2020 3891 2076 3941 δε
2113 3903 2321 3957 praetoi·
2359 3887 2551 3952 dabat,
2587 3901 2743 3956 atque
2784 3883 2843 3939 in
2882 3880 3029 3937 diem
3073 3895 3277 3936 cei-tam

1821 3978 1888 4014 ea
1933 3955 2274 4029 poffidebant
2312 3993 2333 4013 ·.
2396 3961 2531 4028 Quae
2584 3973 2705 4014 cum
2756 3968 3003 4030 venerat·
3022 3991 3040 4018 ,
3074 3967 3282 4030 pratro-

1830 4047 1948 4086 rein
1984 4026 2164 4086 rursus
2198 4029 2453 4096 adibant,
2488 4027 2853 4100 petebantque
2907 4019 3005 4080 fibi
3045 4039 3111 4081 ut
3146 4022 3284 4080 laee-

1821 4117 1918 4175 ¹ret
1955 4119 2126 4159 unum
2161 4120 2193 4157 e
2231 4098 2328 4158 suo
2368 4117 2605 4158 numero
2642 4096 2889 4177 deligere
2910 4136 2928 4163 ‚
2965 4091 3059 4168 qui
3104 4091 3281 4150 bono-

1833 4190 1950 4229 rum
1989 4171 2308 4232 venditioni
2364 4167 2609 4244 praeefl‘et
2646 4210 2664 4235 ‚

1831 4242 2015 4300 batur:
2055 4243 2102 4300 is
2137 4243 2197 4300 in
2236 4243 2495 4315 compitis
2531 4240 2732 4299 celebri
2772 4259 2832 4296 us
2869 4279 2887 4304 ‚
2944 4243 3001 4294 &
3036 4234 3287 4309 frequen·

1833 4313 1974 4371 tibus
2007 4313 2155 4374 urbis
2194 4313 2327 4370 locis
2364 4313 2591 4370 tabulam
2642 4308 2992 4384 proponebat
3019 4349 3037 4374 ‚
3080 4305 3138 4366 se
3192 4307 3289 4366 de·-

1836 4383 2029 4442 bitoris
2069 4385 2209 4442 bona
2246 4382 2641 4450 venditurum,
2690 4379 2779 4439 his
2816 4379 2997 4439 verbis
3034 4400 3049 4437 ε
3090 4384 3289 4438 Titius

1833 4456 2043 4514 debitor
2094 4454 2265 4527 nester
2302 4455 2511 4514 incidit
2562 4458 2623 4512 in
2668 4449 2897 4520 causam
2950 4451 3291 4509 venditionis

1833 4527 2142 4584 bonorum:
2212 4545 2305 4582 nos
2358 4525 2645 4584 creditores
2724 4529 2841 4591 ejus
2894 4522 3037 4580 bona
3086 4519 3295 4578 vende-

2778 4187 2795 4225 i
2839 4165 3096 4237 magister
3136 4164 3286 4222 dice—-
3396 4215 3405 4220 .

243 4605 439 4664 cende
478 4607 614 4674 jure
666 4621 724 4658 ac
762 4600 1044 4660 statuendo
1093 4598 1396 4658 habendam
1450 4597 1562 4658 esse
1601 4617 1730 4656 vera

248 4677 459 4736 borum
516 4679 583 4730 ὅ(
636 4668 832 4745 scripti
889 4672 1200 4738 rationem,
1245 4676 1302 4728 δε
1355 4671 1431 4730 ita
1483 4669 1734 4743 judican-

245 4751 431 4814 dum,
475 4742 652 4804 verbi
688 4743 890 4824 gra-tia,
930 4743 996 4800 de
1035 4744 1317 4816 pastione,
1345 4743 1730 4827 stipulatione,

247 4817 620 4878 venditione
649 4856 667 4880 ,
711 4833 792 4894 uti
830 4833 888 4872 ea
925 4817 1104 4888 pactio
1159 4821 1217 4872 6<
1253 4815 1511 4874 venditio
1551 4813 1732 4874 verbis

247 4905 552 4960 concepta
607 4883 771 4966 suerit
799 4926 817 4951 ‚
855 4883 945 4945 seu
983 4886 1064 4945 uti
1129 4885 1311 4958 lingua
1367 4886 1734 4946 vendentium

249 4971 314 5022 &
361 4954 834 5038 contrahentium
869 4959 1304 5034 nuncupaverit,
1345 4957 1436 5022 seu
1475 4977 1734 5035 pronun-

252 5049 552 5098 neverit.
596 5031 777 5090 Idem.

1835 4617 1958 4656 mus
1993 4620 2008 4655 ε
2068 4601 2168 4675 qui
2204 4598 2356 4654 volet
2418 4607 2621 4680 canpto?
2684 4594 2913 4654 accedat
2937 4632 2954 4650 .
3004 4593 3203 4658 Hanc,
3234 4607 3296 4648 ut

1834 4671 2041 4742 opinor
2079 4710 2097 4737 ‚
2155 4666 2639 4742 proscriptionem
2698 4667 2913 4724 Cicero
2962 4661 3055 4721 hic
3106 4663 3298 4734 appel—

1833 4743 1911 4800 lat
1947 4741 2200 4812 magistra·
2238 4759 2465 4800 carmen
2490 4779 2505 4798 .
2539 4737 2787 4798 Turneb.
2809 4732 3052 4796 Advers.
3068 4733 3297 4792 xxiii.

1837 4833 2033 4970 32⁴²)
2071 4892 2275 4945 Artem
2303 4888 2567 4970 primum
2614 4889 2649 4950 )
2699 4880 2882 4940 lamb.
2918 4891 3098 4958 artatas
3122 4871 3304 4956 faci(-

1843 4959 2044 5014 lsmam
2102 4975 2213 5016 nm
2274 4953 2565 5020 adarcants
2602 4971 2779 5030 quam
2798 4949 2885 5024 fit
2908 4945 3145 5020 facetis,
3180 4955 3303 5018 pre-
