4359 6321
1225 462 1397 557 182
1963 452 2056 543 D
2117 450 2245 541 Ε
2324 444 2399 534 D
2456 444 2541 535 R
2602 444 2713 538 A
2762 431 2853 535 Τ
2912 428 2985 533 O
3040 426 3129 534 R
3191 430 3393 533 Ε·

1093 586 1322 653 Romae
1371 575 1632 664 effent,
1679 572 1758 655 δι
1815 590 1856 641 a
1905 568 2036 657 st,
2071 572 2154 641 δε
2206 564 2295 637 ab
2346 566 2495 633 aliis
2560 562 2941 656 frequenter
2992 562 3299 633 auditos.
3372 562 3573 647 Quoi
3620 558 3696 628 fu·
3749 560 3917 629 cum
3972 558 4115 632 lia-

1096 685 1282 751 beres
1337 678 1678 761 auibores,
1727 673 2031 759 Antoni,
2075 670 2335 757 miror,
2380 688 2507 738 cur
2556 664 3023 821 philosophiae,
3068 664 3233 733 sicut
3284 662 3537 738 Zethus
3590 660 3747 729 ille
3759 662 4117 735 Pacuvia-

1091 794 1268 867 nus,
1320 798 1514 870 prope
1567 778 1828 848 bellum
1877 770 2230 846 indixeris.

1195 883 1544 965 Minime,
1611 878 1824 970 inquit
1879 874 2282 945 Antonius:
2356 889 2435 939 ac
2505 869 2595 939 fic
2630 809 2913 939 decrevi
2980 866 3421 957 philosophari
3474 800 3724 956 potius,
3777 870 3857 935 ut
3904 866 4110 938 'Ned-

1095 984 1430 1079 ptolemus
1482 982 1650 1071 apud
1705 980 2041 1065 Ennium,
2082 981 2358 1069 paucis.-
2414 992 2573 1041 nam
2619 980 2871 1041 omnino
2916 969 3091 1039 haud
3138 972 3405 1057 placet.
3473 966 3597 1038 sed
3667 968 3903 1038 tamen
3922 970 4109 1043 'liare

1094 1087 1182 1157 est
1240 1104 1392 1155 mea
1449 1082 1838 1169 sententia,
1884 1100 2090 1173 quam
2139 1073 2407 1147 videbar
2452 1072 2868 1163 exposuisse
2924 1074 3069 1163 Ego
3115 1072 3235 1141 ista
3288 1068 3494 1140 studia
3550 1075 3684 1138 hon
3741 1070 4107 1161 improbo,

1090 1186 1431 1256 moderata
1485 1181 1682 1251 modo
1734 1182 1916 1251 sint:
1994 1180 2370 1271 opinionem
2426 1176 2695 1243 istorum
2752 1175 3159 1262 studiorum,
3210 1174 3280 1244 a&
3337 1172 3775 1263 suspicionem
3824 1172 4107 1244 artificii

1094 1286 1267 1376 apud
1333 1306 1512 1369 eOS,
1562 1285 1684 1377 qui
1733 1304 1841 1353 res
1893 1284 2247 1366 iudicent,
2274 1281 2567 1347 ·oratori
2643 1276 3085 1346 adversariam
3152 1279 3284 1347 effe
3349 1273 3699 1345 arbitror·
3743 1272 4101 1345 imminuit

1092 1392 1288 1458 enim
1343 1390 1412 1455 &
1469 1388 1754 1453 oratoris
1811 1386 2315 1468 austeritatem,
2364 1384 2435 1453 δι’
2489 1383 2807 1451 orationis
2864 1379 3099 1448 fldem.
3624 1410 3636 1417 ·
3726 1408 3752 1415 ··
3908 1409 3916 1417 ·

1192 1483 1940 1571 XXXVI11.si=.d‚ut
1989 1507 2072 1555 eo
2121 1502 2522 1571 revocetur,
2570 1484 2751 1551 unde
2800 1480 2931 1551 huc
2984 1482 3387 1566 declinavit,
3427 1479 3695 1567 oratio,·
3736 1480 3823 1547 ex
3876 1476 4097 1549 trib'u's

1093 1590 1230 1659 istis
1281 1586 1647 1656 clariffimis
1700 1586 2145 1678 philosophis,
2198 1606 2365 1679 quos
2418 1590 2705 1655 Romam
2778 1584 3011 1654 venisse
3064 1580 3323 1667 dixisti,
3376 1580 3656 1649 videsne·
3692 1582 4095 1671 Diogenem

1087 1688 1346 1775 fuisse,
1409 1688 1525 1779 qui
1575 1687 1867 1776 diceret,
1917 1707 2126 1759 artem
2182 1689 2245 1765 se
2294 1691 2561 1759 tradere
2618 1688 2791 1755 ‘bene
2859 1685 3250 1770 differendi,
3306 1684 3376 1753 δε
3440 1704 3595 1749 vera
3645 1699 3719 1753 a‘c
3770 1682 3941 1749 falsa
3994 1682 4099 1749 di-

1097 1788 1489 1877 iudicandi,
1535 1808 1742 1879 quam
1795 1792 2004 1860 verbo
2062 1798 2297 1860 Graeco
2350 1787 2709 1859 διαλεκτικὴ
2764 1788 3177 1875 appellaret?
3236 1788 3315 1853 In
3374 1784 3501 1851 h'ac
3554 1800 3741 1871 arte,
3776 1784 3827 1851 fi
3878 1782 4099 1851 modo

1088 1891 1183 1961 est
1234 1892 1372 1962 hoec
1426 1912 1571 1977 εις,
1629 1892 1898 1961 nullum
1953 1894 2046 1961 est
2098 1911 2497 1982 praeceptum
2550 1912 2685 1980 quo
2757 1888 2962 1954 modo
3020 1910 3255 1955 verum
3312 1886 3730 1971 inveniatur,
3778 1882 3889 1954 sed
3940 1888 4095 1952 tan'·

1089 2010 1241 2061 tum
1288 1993 1381 2060 est
1430 2012 1562 2083 quo
1599 1992 1822 2061 modo
1870 1996 2237 2074 iudicetur.
2296 1998 2480 2060 Nam
2536 1994 2607 2061 &
2670 2010 2910 2073 omne,
2966 1992 3143 2079 quod
3200 1989 3621 2079 eloquimur,
3672 1984 3829 2073 6ο,
3830 2011 3837 2019 ·
3888 2002 3963 2055 ut
4020 1980 4090 2055 id

1091 2103 1207 2158 aut
1279 2092 1402 2159 effe
1471 2092 1777 2161 dicamus
1823 2147 1844 2180 ,
1913 2112 2028 2163 aut
2081 2116 2216 2161 non
2290 2095 2452 2181 effe3
2506 2094 2577 2162 δε
2634 2090 2682 2159 fi
2739 2090 3116 2181 simpliciter
3191 2091 3447 2166 diaum
3516 2089 3593 2155 fit
3634 2086 4091 2178 ,suscipiunt

1087 2190 1408 2259 dialestici
1456 2246 1476 2279 ,
1543 2208 1616 2261 ut
1673 2193 1964 2271 iudicent
2020 2214 2341 2265 verumne
2400 2146 2479 2261 fi’t
2535 2216 2619 2261 an
2678 2192 2980 2261 falsum:
3032 2196 3105 2265 δε
3162 2192 3209 2259 si
3260 2190 3620 2269 coniunste
3666 2188 3745 2257 fit
3792 2189 4089 2276 elatum,

1087 2292 1158 2363 <Sc
1215 2290 1536 2371 adjunffl
1589 2292 1714 2363 sint
1769 2297 1900 2363 alia
1922 2332 1946 2382 ,·
1990 2298 2286 2375 iudicent
2344 2294 2609 2366 restene
2666 2294 3007 2373 adjunaa.
3042 2297 3199 2380 lint,
3264 2296 3335 2364 δι
3398 2310 3641 2361 verane
3694 2290 3957 2361 fiimma
4006 2286 4087 2359 fi't

1087 2393 1612 2489 uniuscuiusque
1669 2396 1979 2465 rationis:
2037 2400 2110 2467 &
2169 2396 2254 2464 ad
2308 2412 2693 2463 extremum
2763 2396 2877 2483 ipsi
2933 2395 2997 2464 se
3048 2410 3511 2486 compungunt
3584 2393 3717 2461 'suis
3771 2394 4093 2464 acumini-

1087 2493 1208 2563 bus
1247 2546 1268 2579 ,
1299 2509 1308 2519 ·
1342 2497 1434 2565 δε,
1477 2498 1692 2563 multa
1746 2496 2098 2583 quaerendo
2137 2547 2160 2583 ,
2210 2496 2547 2584 reperiunt
2600 2518 2733 2565 non
2788 2498 2987 2566 modo
3038 2514 3178 2587 ea·',
3250 2519 3394 2589 quae
3468 2497 3605 2577 jam
3676 2518 3809 2569 non
3862 2494 4091 2587 poffint

1089 2593 1216 2680 ipsi
1267 2592 1616 2663 diffolvere
1655 2648 1682 2680 ,
1745 2594 1864 2663 sed
1916 2600 2122 2667 etiam
2174 2594 2411 2688 quibus
2478 2616 2633 2667 ante
2680 2599 2911 2667 exorsa
2954 2654 2975 2686 ,
3028 2604 3099 2671 δε
3158 2604 3379 2689 potius
3426 2598 3685 2667 derexta
3737 2618 3935 2689 prope
3986 2616 4089 2664 re-

1093 2708 1416 2769 texantur
1465 2742 1484 2764 .
1571 2697 1705 2764 Hic
1757 2718 1880 2766 nos
1929 2700 2134 2789 igitur
2198 2702 2459 2767 Stoicus
2508 2701 2624 2768 iste
2690 2701 2857 2765 nihil
2925 2701 3246 2786 adjuvat,
3292 2703 3611 2788 quoniam
3663 2694 4089 2786 quemadmo—

1092 2794 1260 2863 dum
1338 2795 1687 2866 inveniam
1753 2798 1914 2886 quid
1966 2802 2187 2867 dicam
2226 2852 2248 2886 ,
2316 2820 2451 2867 non
2502 2800 2691 2866 docet
2732 2821 2754 2860 .-
2816 2814 3009 2887 atque
3061 2800 3234 2865 idem
3286 2800 3491 2864 etiam
3543 2798 3861 2884 impedit,
3910 2800 4089 2887 quod

1097 2898 1166 2964 ὃ(
1237 2897 1456 2963 multa
1531 2899 1766 2985 reperit
1805 2950 1834 2984 ,
1883 2922 2026 2990 quae
2095 2915 2294 2989 neget
2344 2900 2495 2966 ullo
2552 2897 2755 2966 modo
2806 2900 2971 2986 poss‘e
3024 2896 3321 2983 dissolvi5
3376 2898 3446 2965 δε
3506 2916 3721 2985 genus
3773 2895 4093 2971 sermonis

1095 2992 1292 3062 affert
1346 3018 1488 3065 non
1537 2997 1870 3087 liquidum
1916 3054 1936 3087 ,
2007 3020 2147 3069 non
2204 2998 2427 3068 fusum
2479 3022 2558 3068 ac
2612 2999 2956 3088 profluens
2990 3051 3013 3086 ,
3084 2997 3193 3065 sed
3246 2998 3467 3084 exile,
3510 2994 3821 3084 aridum,
3874 3006 4090 3067 conci..

1100 3094 1258 3168 sum
1327 3115 1406 3166 ac
1477 3101 1816 3171 minutum
1853 3122 1876 3164 .·
1949 3100 2125 3190 quod
2196 3102 2246 3171 fi
2300 3104 2447 3193 quis
2500 3100 2792 3194 probabit
2833 3151 2856 3187 ,
2909 3102 3001 3169 ita
3053 3097 3387 3192 probabit,
3442 3112 3515 3165 ut
3565 3100 3825 3168 oratori·
3864 3114 4084 3172 tamen

1099 3213 1336 3286 aptum
1388 3221 1524 3268 non
1589 3202 1712 3272 effe
1783 3204 2070 3270 fateatur
2113 3249 2131 3269 .,
2196 3207 2355 3272 Haec
2404 3206 2591 3270 enirn
2645 3201 2865 3271 nostra
2936 3203 3141 3270 orario
3194 3198 3639 3269 multitudinis
3682 3199 4079 3274 effantibus

1100 3301 1726 3388 accommodanda,
1779 3300 1865 3370 ad
1921 3300 2341 3372 obleftandos
2398 3305 2655 3370 animos
2691 3356 2714 3391 ,
2781 3299 2865 3369 ad
2916 3303 3393 3392 impellendos,
3444 3299 3523 3365 ad
3575 3323 3655 3371 ea
3708 3301 4027 3392 probanda
4064 3357 4087 3393 ,

1099 3423 1244 3494 qua:
1296 3425 1438 3474 non
1490 3402 1787 3473 aurificis
1841 3401 2128 3490 statera,
2179 3403 2290 3473 sed
2343 3403 2637 3496 quadam
2691 3403 2993 3494 populari
3049 3406 3299 3471 trutina
3344 3404 3851 3470 examinantur.

1207 3510 1436 3590 Qare
1485 3507 1682 3575 istam
1737 3520 1948 3574 artem
1996 3520 2209 3573 totam
2263 3505 2679 3574 dimittamus
2720 3557 2745 3592 ,
2808 3525 2949 3595 quae
3017 3506 3087 3571 in
3138 3504 3597 3594 excogitandis
3666 3503 4085 3594 argumentis

1107 3619 1296 3670 muta
1370 3609 1657 3672 nimium
1727 3605 1860 3692 est,
1911 3608 1979 3672 in
2029 3606 2399 3683 judicandis
2466 3607 2753 3676 nimium
2822 3607 3063 3696 loquax
3102 3653 3119 3672 .
3189 3605 3559 3678 Critolaum
3614 3595 3847 3689 istum,
3892 3623 4091 3694 quem

1119 3700 1320 3767 simul
1373 3723 1532 3769 cum
1593 3704 1896 3792 Diogene
1947 3707 2189 3772 veniflb
2237 3716 2767 3793 commemoras,
2816 3727 2973 3798 puto
3026 3708 3175 3798 plus
3220 3698 3379 3777 h'uic
3429 3705 3636 3778 studio
3689 3705 3905 3774 nostro
3952 3725 4091 3796 pro-

1115 3798 1280 3870 deffe
1329 3801 1652 3888 potuisse.
1731 3805 1890 3868 Erat
1941 3803 2134 3871 enim
2177 3801 2263 3870 ab
2310 3805 2428 3871 isto
2494 3805 2895 3894 Aristotele,
2960 3827 2999 3873 a
3067 3809 3257 3887 cujus
3310 3809 3596 3877 inventis
3648 3807 3764 3877 tibi
3818 3827 3947 3896 ego
3992 3807 4084 3874 vi-

1115 3899 1282 3970 deor
1335 3921 1470 3969 non
1527 3904 1727 4018 loonge
1775 3899 2118 3972 aberrare.
2175 3905 2401 3993 Atque
2457 3906 2627 3974 inter
2676 3907 2860 3976 hunc
2888 3906 3354 3999 Aristotelem,
3406 3911 3598 3989 cuius
3650 3915 3719 3982 &
3778 3909 3973 3976 illum
4006 3907 4093 3975 le-

1119 4002 1208 4090 gi
1242 3986 1539 4088 librum,
1585 4002 1656 4069 in
1706 4025 1840 4094 quo
1889 4002 2192 4090 exposuit
2244 4005 2509 4074 dicendi
2562 4025 2741 4078 artes
2789 4009 3096 4076 omnium
3148 4009 3602 4102 superiorum,
3661 4014 3729 4080 &
3788 4009 3979 4094 illos,
4024 4009 4099 4074 in·

1120 4099 1356 4191 quibus
1410 4101 1544 4192 ipse
1595 4101 1708 4172 sua
1761 4102 2058 4198 quaedam
2109 4103 2195 4173 de
2250 4105 2485 4174 eadem
2535 4125 2669 4178 arte
2716 4111 2932 4198 dixit,
2984 4111 3054 4181 δε
3110 4109 3229 4178 hos
3282 4133 3634 4202 germanos
3684 4109 3885 4188 huius
3934 4111 4103 4175 artis

1121 4202 1511 4294 magistros,
1571 4201 1700 4274 hoc
1755 4207 1922 4276 mihi
1973 4203 2195 4274 visum
2246 4205 2338 4276 est
2386 4207 2721 4298 interesse,
2768 4211 2947 4304 quod
3001 4212 3117 4280 ille
3168 4216 3399 4282 eadem
3452 4219 3590 4284 acie
3639 4213 3921 4297 mentiS,
3965 4229 4095 4300 qua

1123 4323 1356 4372 rerum
1420 4307 1732 4378 omnium
1804 4309 1946 4376 vim
1995 4323 2440 4404 naturamque
2514 4312 2825 4400 viderat,
2892 4313 3028 4384 haec
3080 4335 3344 4404 quoque
3395 4317 3685 4406 adipexit
3722 4370 3768 4432 ,ο
3818 4333 3959 4402 quae
4012 4309 4099 4378 ad

1117 4403 1386 4478 dicendi
1435 4423 1690 4500 artem,
1737 4430 1946 4504 quam
1999 4409 2118 4480 ille
2163 4409 2613 4503 despiciebat,
2662 4415 3117 4505 pertinebant·
3167 4417 3271 4484 illi
3323 4435 3608 4506 autem,
3654 4417 3771 4509 qui
3817 4415 3946 4483 hoc
4003 4411 4102 4482 so-

3852 4517 3998 4585 lum

1145 4705 4093 4774 “m

1113 4883 1224 4970 'qui
1261 4883 1342 4946 est
1377 4907 1511 4948 ann
1523 4889 1695 4956 DIC.
1727 4892 1939 4959 ,Verum
1969 4893 2299 4956 Pausanias
2278 4915 2345 4957 ιιι
2363 4897 2565 4960 Achai·
2672 4918 2755 4964 ιι..
2800 4905 3009 4968 Eodem
3044 4928 3193 4970 anno
3232 4907 3963 4982 U.D0111.ideveniffe.
3984 4917 4093 4980 9¹⁸·

1132 4977 1210 5015 cis
1245 4957 1347 5020 sub
1381 4981 1583 5021 annum
1622 4964 1714 5025 U
1727 4967 1964 5028 Dcm.
2016 4969 2140 5029 illos
2175 4967 2475 5030 adveuisse.
2489 4973 2563 5032 6-
2666 4995 2762 5078 tat·
2778 4977 3125 5044 cnfiubonus
3163 4982 3223 5042 in
3258 4981 3501 5063 Synopfi
3526 4980 3603 5044 ad
3630 4983 3833 5060 Polyb.

1127 5027 1906 5108 gnificat.1³etavius,1zaet
1939 5039 2415 5119 Temp..lib.1v
2444 5065 2567 5122 cap
