4359 6321
15 1214 24 1226 .
12 1129 20 1148 ψ
12 927 38 1022 7

1294 452 1481 547 216

1158 572 1338 665 quit:
1393 570 1651 654 iniquus
1702 565 1787 649 est
1816 574 1873 655 ·(
1901 574 2045 655 4³)
2084 615 2101 631 .

1931 446 2274 537 >DE
2393 440 3342 534 ORATORE

2168 572 2348 633 Cum
2395 561 3171 632 esset-admurmuratum
3227 616 3250 654 ,
3299 555 3394 626 Ah
3433 609 3454 646 ,
3501 555 3762 647 inquit,
3813 556 3884 625 Ρ.
3907 564 3976 624 C.
4033 576 4156 626 non

1160 696 1267 760 ego
1320 668 1481 739 mihi
1532 670 1723 737 illum
1773 676 2067 755 iniquum
2120 668 2325 752 ejero,
2377 686 2604 733 verum
2657 665 2987 731 omnibus.

1262 770 1371 841 Ab
1421 770 1551 840 hoc
1605 792 1761 840 vero
1810 768 2029 835 Crass'o
2096 767 2263 835 nihil
2339 766 2614 833 facetius
2665 815 2682 831 .

2753 770 2929 833 Cum
2995 764 3232 836 laefisset
3305 763 3478 833 testis
3547 757 3727 826 Silus
3779 757 4090 829 Pisonem
4137 812 4164 849 ‚

1062 852 1069 858 ¹
1161 874 1345 967 quod
1402 872 1464 939 ie
1514 874 1582 937 in
1630 892 1788 938 eum
1840 867 2078 935 audiffe
2126 864 2380 933 dixisset
2416 914 2431 933 .
2487 868 2684 946 Potest
2729 866 2882 947 fieri
2923 916 2944 950 ,
3000 869 3215 954 inquit
3252 919 3274 954 ,
3349 864 3480 931 sile
3537 877 3605 927 ut
3661 869 3725 926 is
3767 910 3791 945 ,
3859 863 4020 929 unde
4094 882 4164 929 te

1163 969 1399 1059 audiffe
1451 973 1619 1041 dicis
1660 1022 1683 1057 ‚
1752 980 1963 1038 iratus
2016 970 2262 1035 dixerit
2295 1014 2312 1032 .
2373 970 2638 1035 Annuit
2693 968 2869 1037 Silus
2913 1012 2928 1033 .

2987 968 3186 1045 Potest
3241 975 3444 1034 etiam
3483 1013 3504 1047 ,
3579 979 3652 1027 ut
3703 978 3774 1025 tu
3827 981 3942 1029 non
3992 965 4160 1032 κᾶε

1159 1073 1593 1142 intellexeris.
1644 1069 1721 1136 Id
1772 1087 2031 1159 quoque
2080 1082 2219 1136 toto
2265 1071 2478 1157 capite
2532 1068 2805 1155 annuit,
2859 1082 2936 1139 ut
2991 1064 3056 1133 se
3105 1067 3325 1137 Craffo
3373 1066 3603 1131 daret.
3663 1060 3874 1142 Potest·
3908 1069 4164 1153 etiam,

1154 1176 1349 1259 fieri,
1400 1174 1649 1261 inquit,
1700 1190 1769 1237 ut
1820 1176 2109 1254 omnino,
2162 1171 2325 1253 quod
2373 1187 2433 1233 te
2484 1168 2720 1253 audiJJe
2768 1170 2987 1253 dicis,
3037 1185 3372 1257 nunquam
3420 1166 3750 1233 audieris.

3856 1164 4004 1233 Hoc
4059 1167 4158 1233 ita

1162 1291 1393 1363 praetei·
1431 1272 1967 1359 expectationem
2020 1268 2295 1353 accidit,
2345 1285 2418 1335 ut
2469 1270 2704 1339 testem.
2746 1270 3267 1339 omnium·risus
3325 1265 3664 1335 obrueret.

1266 1373 1489 1449 Hujus
1541 1376 1810 1462 generis
1860 1367 1950 1435 est
2004 1369 2238 1455 plenus
2289 1372 2430 1456 (⁴³)
2483 1372 2797 1455 NaeviuS,
2851 1374 2921 1442 &
2981 1372 3164 1449 jocus
3215 1369 3308 1437 est
3376 1361 3724 1435 familiaris
3777 1372 3981 1454 (43)
4031 1372 4154 1437 sa·-

1157 1481 1341 1559 picns
1383 1471 1442 1557 fi
1492 1472 1788 1557 algebis,
1838 1485 2119 1533 tremes:
2173 1470 2244 1538 &
2304 1469 2433 1537 alia
2485 1472 2856 1558 permulta.

1265 1576 1511 1639 Lxxi.
1570 1577 1743 1658 Saepe
1792 1568 1996 1635 etiam
2051 1567 2260 1637 facete
2309 1570 2625 1639 concedas
2677 1572 3051 1640 adversario
3101 1570 3426 1661 idipsum,
3477 1566 3661 1658 quod
3702 1566 3816 1635 tibi
3869 1567 3992 1635 ille
4029 1568 4150 1636 de,

1164 1672 1395 1738 trahit:
1450 1686 1522 1737 ut
1574 1677 1652 1738 C.
1676 1670 1917 1738 Laelius
1952 1719 1971 1754 ,
2022 1690 2184 1737 cum
2233 1670 2294 1737 ei
2349 1671 2616 1762 quidam
2663 1674 2850 1740 malo
2902 1692 3144 1763 genere
3193 1688 3390 1740 natus
3443 1668 3686 1735 diceret
3725 1719 3746 1752 ,
3797 1668 4162 1758 indignum

1166 1772 1286 1839 effe
1340 1771 1470 1839 suis
1520 1771 1923 1865 majoribuS,
1972 1772 2055 1836 At
2104 1769 2358 1835 hercule
2397 1824 2420 1858 ‚
2471 1774 2720 1862 inquit,
2771 1792 2838 1838 tu
2893 1784 3027 1841 tuis
3083 1776 3356 1859 dignus.
3415 1776 3590 1857 Saepe
3637 1770 3840 1835 etiam
3893 1774 4162 1841 senten·

1170 1870 1333 1939 tiose
1382 1874 1656 1940 ridicula
1706 1874 2061 1941 dicuntur:
2092 1888 2189 1936 ·ut
2250 1873 2348 1938 M.
2403 1873 2716 1958 Cincius,
2766 1895 2899 1962 quo
2949 1875 3057 1943 die
3109 1876 3334 1963 legem
3381 1870 3462 1939 de
3513 1870 3710 1939 donis
3785 1872 3854 1941 &
3911 1892 4158 1942 mune-

1172 1972 1353 2039 ribus
1404 1984 1600 2061 (44)
1655 1974 1805 2040 tulit
1848 2024 1870 2059 ,
1934 1990 2095 2038 cum
2148 1975 2224 2036 C.
2272 1976 2482 2039 Cento
2530 1972 2848 2059 prodiisset
2902 2026 2924 2061 ,
2993 1976 3067 2047 &
3141 1975 3292 2048 satis
3343 1968 3819 2041 contumeliose
3876 2012 3902 2059 ,-
3973 1976 4164 2061 ‚Quid

1160 2075 1341 2159 feres
1380 2124 1402 2159 ‚
1470 2074 1799 2139 Cinciole?
1868 2084 2011 2161 (45
2039 2078 2073 2153 )
2142 2071 2506 2160 quaesiffet:
2583 2082 2664 2141 Ut
2714 2095 2892 2141 emas
2932 2126 2953 2160 ,
3020 2076 3231 2165 inquit
3273 2126 3296 2162 ,
3364 2074 3486 2157 σα]
3551 2082 3720 2164 (46
3769 2084 3856 2161 ),
3909 2069 3974 2155 fi
4047 2084 4160 2143 uti

1172 2171 1345 2237 veles
1366 2220 1383 2238 .

1270 2276 1444 2359 Saepe
1492 2272 1692 2339 etiam
1745 2270 1906 2339 salse
1956 2294 2098 2362 quie
2148 2273 2294 2341 fieri
2345 2296 2478 2343 non
2530 2277 2781 2364 potsunt
2810 2328 2830 2362 ‚
2884 2292 3195 2365 optantur
3236 2300 3253 2342 i
3308 2292 3383 2343 ut
3436 2276 3533 2341 Μ.
3590 2272 3909 2363 Lepidus,
3968 2292 4136 2341 cum

1170 2374 1414 2441 caeteris
1468 2371 1532 2441 se
1580 2376 1649 2442 in
1700 2392 1931 2460 campo
1986 2374 2479 2464 exercentibuS,
2530 2378 2598 2444 in
2621 2377 2822 2444 herba
2872 2376 3006 2464 ipse
3061 2377 3492 2463 recubuisset,
3539 2374 3773 2441 Vellem
3819 2370 3924 2437 hoc
3944 2370 4154 2457 effer,

1173 2474 1431 2563 inquit,
1480 2471 2121 2559 laborare.,salsum
2167 2474 2264 2542 est
2309 2477 2516 2562 etiam
2567 2475 3005 2567 quaerentibus
3051 2529 3071 2561 ,
3141 2482 3214 2549 δε
3291 2477 3472 2570 quasi
3541 2468 4078 2563 percontantibus
4135 2526 4158 2559 ‚

1174 2576 1350 2640 lente
1400 2573 1779 2663 respondere
1832 2572 2011 2664 quod
2068 2574 2324 2642 nollent
2363 2600 2385 2641 .·
2439 2596 2511 2645 ut
2563 2578 2789 2647 censor
2843 2578 3122 2665 Lepidus
3163 2632 3184 2665 ,
3253 2600 3414 2647 cum
3491 2579 3586 2641 M.
3643 2572 3928 2642 Antistio
3983 2574 4158 2655 Pyr-

1172 2673 1355 2761 gensi
1408 2695 1653 2764 equum
1705 2672 2034 2741 ademiffet
2068 2725 2089 2759 ,
2140 2680 2512 2771 amicuique
2563 2702 2724 2749 cum
2777 2680 3328 2766 vociferarentur,
3383 2682 3450 2749 &
3509 2690 3874 2766 quaererent
3923 2725 3944 2758 ,
3991 2674 4160 2762 quid

1174 2775 1295 2845 ille
1342 2778 1511 2863 patri
1562 2772 1677 2843 suo
1724 2772 2188 2866 responderet,
2239 2800 2360 2846 cur
2413 2780 2798 2868 ademptum
2853 2776 2963 2845 fibi
3007 2800 3268 2869 equum.
3313 2778 3603 2861 diceret,
3653 2797 3816 2845 cum
3865 2775 4156 2860 optimus

3869 2873 4050 2941 colo-

1188 3105 4150 3149 m

1181 3381 1192 3391 ,
1246 3315 1411 3383 (42)
1446 3319 1633 3385 Ejero,
1667 3315 1887 3396 inquit,
1924 3316 2149 3389 iniquus
2189 3313 2306 3384 est)
2341 3313 2594 3382 Rejicio,

1176 3387 1358 3456 inquit
1389 3425 1407 3451 ‚
1453 3383 1687 3453 judicem
1732 3386 1977 3458 iniquum
2012 3425 2027 3441 .
2080 3387 2222 3445 Nam
2272 3393 2474 3456 e'erare
2527 3385 2604 3443 est

1174 3473 1422 3527 tanquam
1447 3457 1796 3527 jurejurando
1824 3455 2038 3522 testari,
2075 3454 2131 3513 se
2149 3475 2270 3514 recu
2298 3476 2386 3514 are
2405 3496 2420 3513 .
2459 3457 2606 3514 Cum

1168 3544 1349 3582 autem
1368 3525 1557 3585 Naiica
1577 3529 1813 3595 ejeraflet
1853 3527 2093 3599 iniquum
2110 3527 2404 3586 Scaevolam
2423 3570 2440 3594 ‚
2458 3525 2608 3585 secu-

1169 3612 1224 3650 ta
1238 3594 1315 3650 est
1340 3596 1761 3655 admurmuratio
1786 3617 2059 3663 omnium,
2090 3617 2323 3670 propter
2359 3599 2610 3657 eximiam

1172 3662 1241 3718 de
1270 3663 1510 3720 Scaevola
1539 3667 1803 3744 aequitatis
1838 3673 1895 3724 δ(
1930 3667 2214 3739 probitatis
2251 3670 2607 3739 opinionem.

1166 3735 1374 3792 Praeter
1411 3751 1476 3790 ex
1520 3735 1841 3794 estationeni
1880 3753 2057 3793 tamen
2096 3735 2307 3794 rursum
2338 3759 2456 3795 eum
2486 3759 2609 3796 om-

1172 3802 1331 3860 nibus
1368 3805 1454 3864 Na
1482 3824 1557 3860 ica
1598 3805 1841 3877 iniquum
1878 3804 2106 3872 ejeravit
2136 3845 2153 3871 ,
2231 3807 2336 3864 uod
2373 3809 2432 3864 in
2471 3829 2606 3866 con-

1170 3871 1344 3932 sulatu
1396 3873 1600 3932 causam
1650 3875 1915 3952 publicam
1966 3872 2175 3934 deserui
2222 3893 2310 3944 et,
2351 3895 2451 3933 nec
2486 3896 2601 3934 eam

1168 3945 1328 4002 armis
1362 3944 1614 4002 adversus
1650 3947 1925 4004 Tiberium
1960 3943 2276 4004 Gracchum
2327 3945 2605 4004 defendis-

1174 4013 1292 4095 set,
1328 4015 1674 4089 patribusque
1710 4020 1823 4086 ejus
1856 4035 2021 4086 opem
2060 4015 2466 4087 implorantibus
2508 4035 2603 4073 ne-

1169 4087 1330 4157 gasset
1368 4087 1422 4144 se
1458 4087 1737 4158 quicquam
1775 4087 1834 4144 vi
1871 4087 1973 4144 effe
2009 4089 2280 4143 adut-uni.
2317 4087 2470 4144 Idem
2493 4125 2511 4144 .

1162 4225 1213 4300 f
1240 4159 1359 4284 (’“Ι)
1395 4161 1660 4222 Navius)
1698 4158 1874 4217 Lamb.
1913 4162 2166 4215 Navius.
2204 4156 2296 4228 1:st
2311 4158 2491 4224 locus,
2531 4158 2603 4230 est

1201 4249 1316 4285 ami
1346 4251 1433 4286 sa.

1242 4304 1355 4372 (43
1377 4307 1406 4365 )
1442 4309 1518 4358 Et
1545 4305 1691 4369 jocus
1726 4299 1797 4368 est
1831 4298 2185 4369 familiaris)
2223 4298 2417 4358 Melius
2453 4298 2512 4356 in
2541 4298 2610 4356 li.-

1174 4367 1284 4426 bris
1321 4369 1593 4427 veteribus
1627 4369 1884 4429 scribitur
1914 4412 1931 4438 ,
1985 4371 2079 4439 Est
2109 4373 2292 4437 jocus,
2326 4371 2401 4443 est
2439 4371 2610 4440 fami-

1174 4441 1295 4520 lia,
1322 4438 1545 4520 sapiens:
1570 4438 1628 4512 si
1661 4443 1906 4511 algebis,
1946 4457 2170 4499 tremes.
2213 4445 2295 4501 Ita
2333 4443 2483 4500 enim
2523 4439 2610 4502 se-

1172 4529 1355 4571 narius
1390 4530 1495 4568 crit
1530 4531 1742 4582 integer
1774 4555 1789 4578 ,
1828 4518 1973 4584 cujus
2008 4510 2194 4570 sensus
2227 4513 2337 4573 erit
2371 4536 2384 4570 :
2427 4517 2613 4586 Qiana

1172 4583 1373 4640 tumvis
1426 4581 1685 4640 urbanum
1737 4581 2050 4660 facetiisque.
2090 4582 2154 4640 sis
2199 4625 2217 4650 ,
2268 4586 2610 4657 quantumvis

1168 4654 1317 4712 bono
1352 4655 1490 4712 'loco
1540 4671 1691 4712 natus
1732 4694 1752 4722 ,
1804 4671 1983 4714 tamen
2036 4652 2130 4710 ista
2182 4675 2298 4711 non
2351 4653 2545 4713 facient
2578 4698 2596 4723 ,

1173 4725 1307 4798 quin
1360 4723 1401 4782 fi
1452 4725 1641 4786 {iteras
1677 4765 1695 4790 ,
1750 4743 1970 4781 tremas:
2009 4723 2159 4795 quod
2199 4729 2401 4795 pr'aetei·
2440 4744 2608 4798 expe-

1170 4797 1465 4852 ctationem
1501 4795 1576 4852 est
1611 4794 1849 4861 distum,
1889 4813 2011 4851 cum
2046 4791 2296 4874 praesidia
2356 4813 2468 4853 non
2509 4799 2610 4856 de·

1173 4867 1346 4924 futura
1363 4869 1758 4938 expectaremus
1794 4865 2013 4924 homini
2051 4863 2337 4935 ingenioso
2374 4870 2429 4922 ὅ(
2467 4868 2606 4926 bon-⁴.

1166 4958 1304 4995 nato
1340 4935 1574 4994 familia.
1611 4939 1800 4997 Idem.
2353 4969 2358 4974 ·

1267 5013 1433 5083 (44)
1468 5019 1553 5071 De
1590 5009 1744 5068 donis
1784 5009 1854 5079 (5-
1890 5007 2211 5070 muneribus
2261 5009 2422 5079 Caius
2461 5007 2610 5067 Cin.-

2707 3306 2846 3375 cius,
2879 3308 2966 3367 vir
3006 3307 3178 3365 aetatie
3215 3307 3506 3368 Lucilianae
3529 3345 3547 3370 ,
3585 3321 3646 3363 ut
3685 3301 3984 3362 Macrobius
4021 3300 4168 3360 scri·

2705 3383 2830 3448 bit,
2875 3380 3050 3450 legem
3087 3379 3217 3436 tulit
3253 3377 3592 3436 Muneraiem
3621 3415 3640 3441 ‚
3691 3393 3787 3445 qua
3821 3374 4114 3430 cavebatur
4155 3412 4177 3438 ,

2713 3474 2782 3511 ne
2835 3452 2950 3522 quis
2999 3451 3072 3507 ob
3127 3448 3331 3509 causam
3383 3447 3634 3523 orandam
3685 3461 3877 3500 munus
3911 3459 4002 3497 aut
4043 3443 4166 3498 do-

2709 3543 2842 3584 num
2893 3540 3108 3595 caperet
3142 3563 3157 3580 .
3213 3523 3304 3580 De
3355 3539 3414 3577 ea
3456 3519 3684 3588 loquitur
3719 3512 3926 3570 Plautus
3959 3549 3976 3574 ,
4011 3530 4156 3567 cum

2711 3591 2930 3660 scribit,
2970 3601 3158 3669 Neque
3195 3591 3545 3649 Muneralem
3580 3587 3746 3655 legem
3784 3622 3800 3647 ‚
3835 3599 4015 3665 neque·
4045 3589 4156 3636 Le-

2709 3670 2930 3724 mniam
2963 3680 2993 3729 ‚s
3019 3681 3215 3735 rogata
3266 3683 3429 3721 necne
3465 3661 3632 3729 fuerit
3665 3696 3680 3720 ‚
3775 3673 3878 3710 orci
3906 3649 4156 3730 estimo.

2711 3745 2842 3795 Eam
2882 3735 3053 3806 legem
3089 3732 3370 3792 admodum
3408 3731 3576 3788 senex
3613 3725 3698 3784 sua
3721 3743 3768 3805 it
3799 3721 4000 3781 Fabius·
4025 3725 4154 3779 Ma·-

2710 3809 2888 3863 ximus
2923 3845 2938 3862 .
2977 3807 3154 3863 Verba
3191 3804 3350 3874 hujus
3385 3803 3520 3872 legis
3569 3797 3920 3877 quast-ionem
3951 3793 4161 3850 attule-

2709 3893 2841 3933 runt
2874 3917 2892 3942 ,
2967 3875 3063 3933 uid
3099 3875 3302 3935 donum
3337 3895 3365 3932 a
3403 3889 3628 3930 munere
3681 3869 3894 3946 diflerat
3917 3905 3933 3920 .
3969 3865 4161 3922 Labeo

2702 3965 2866 4015 genus
2902 3966 2931 4002 e
2975 3945 3004 4003 e
3035 3946 3242 4005 donum
3275 3945 3352 4003 ait
3388 3965 3414 4001 a
3449 3939 3710 4022 donando
3748 3937 3952 3995 distum
3973 3976 3991 4001 ‚
4029 3935 4159 4008 spe-

2701 4033 2839 4072 ciem
2890 4033 3079 4074 munus
3111 4056 3126 4072 .
3175 4020 3317 4077 Nam
3369 4035 3560 4074 munus
3615 4014 3720 4071 este
3773 4008 3980 4066 donum
4033 4025 4156 4064 cum

2705 4083 2888 4151 causa,
2931 4101 2990 4144 ut
3028 4103 3154 4158 puta
3174 4086 3515 4152 natalitium,
3553 4081 3894 4158 nuptiarum:
3935 4081 3992 4134 δι
4025 4097 4158 4150 qua-

2711 4159 2766 4216 le
2801 4175 3160 4230 patronorum
3197 4156 3361 4214 fuerit
3400 4155 3794 4214 honorarium.
3831 4149 4032 4230 Idem..

2777 4233 2889 4298 (45
2912 4235 2940 4296 )
2971 4228 3252 4314 Quidsers
3269 4269 3288 4296 ,
3321 4229 3606 4293 cinciote)
3637 4217 4156 4304 Contumeliainest

2709 4300 2771 4358 in
2809 4298 3218 4368 diminutione,
3267 4305 3323 4358 ὅ(
3357 4315 3703 4372 contemptio
3735 4334 3755 4364 ‚-
3803 4311 3962 4366 quam
3997 4304 4156 4351 etim

2713 4391 2849 4430 voce
2885 4371 3200 4441 adjuverat.
3234 4372 3386 4430 Idem
3411 4411 3426 4428 .

2783 4449 2942 4514 (46)
2979 4449 3056 4502 Ut
3092 4461 3278 4509 emas,
3321 4445 3470 4510 Gay)
3505 4440 3686 4500 Duc’ta
3719 4436 3801 4497 est
3861 4439 3979 4498 haec
4031 4435 4156 4494 sen-

2713 4515 2886 4572 senna
2938 4513 2998 4570 ab
3053 4514 3117 4570 iis
3157 4555 3174 4582 ,
3219 4512 3310 4585 qui
3361 4531 3480 4570 enm
3513 4512 3718 4569 nolunt
3775 4511 3973 4570 vicinis
4007 4526 4156 4586 coni:-

2714 4583 2931 4642 modare
2975 4584 3095 4641 vasa
3133 4583 3333 4642 utenda
3359 4624 3378 4650 ,
3407 4580 3785 4656 respondent,
3828 4589 3954 4643 Eme
3987 4577 4029 4635 fi
4069 4595 4147 4658 {m

2715 4657 2850 4713 vis:
2908 4673 3063 4726 quam
3112 4653 3177 4712 ad
3229 4653 3370 4733 dona
3429 4660 3488 4713 δε
3536 4672 3764 4712 munera
3825 4669 4158 4728 patrocinio-

2710 4743 2833 4783 rum
2872 4764 2890 4789 ,
2946 4726 3134 4796 quibus
3189 4723 3386 4784 ditatus
3443 4744 3557 4785 erat
3613 4727 3868 4792 Cento,
3915 4721 4158 4783 traduxit

2709 4795 2938 4854 Cincius
2959 4817 2975 4850 :
3014 4795 3166 4853 illius
3241 4798 3577 4870 astringens
3609 4815 3828 4871 operam
3871 4795 4122 4856 venalem
4145 4829 4162 4848 0

2708 4863 2831 4925 Sese
2881 4865 3041 4995 Ῑεᾶιὶπι
3077 4867 3151 4926 ait
3199 4815 3434 4932 iiturum
3467 4912 3486 4940 ,
3539 4887 3613 4931 ne
3645 4868 3766 4942 quis
3797 4868 3850 4928 ei
3885 4865 4030 4942 quid
4064 4865 4158 4924 dn-

2711 4953 2808 4996 net
2830 4975 2848 4994 .
2949 4957 3070 4998 em.
