4359 6321
796 500 820 527 ο
1395 494 1406 503 ,

794 544 2625 687 rgnnnssscunnus.
2967 583 3147 674 ιφ

293 670 536 745 docebo
582 680 700 735 VOS
738 716 764 749 ,
809 665 1100 753 dssclpuh
1140 716 1162 751 ,
1211 666 1275 731 nd
1312 718 1334 751 ‚
1383 665 1559 755 quod
1609 664 1740 751 :pse
1787 686 1924 735 non
1977 663 2172 734 dldtct
2214 720 2235 752 ‚
2304 669 2465 759 quid.
2519 668 2599 737 de
2646 668 2829 737 omni
2880 690 3127 759 genere
3175 678 3271 748 di.

285 771 474 842 cendi
530 767 802 834 sentiam
839 812 856 830 .
3049 808 3063 818 -

381 874 518 941 Hic
573 868 986 957 posteaquam
1039 866 1444 953 arriserunt,
1495 871 1631 935 Res
1679 865 1845 935 mihi
1901 864 2159 935 videtur
2208 868 2389 955 esse,
2438 873 2695 961 inquit,
2746 871 3059 941 facultate
3108 897 3263 961 prae.

276 975 462 1045 clara
492 1025 515 1056 ,
567 988 704 1035 arte
761 968 1138 1037 mediocris.
1192 973 1330 1035 Ars
1376 970 1556 1035 enim
1606 987 1834 1035 earum
1889 988 2110 1035 rerum
2159 968 2291 1055 est,
2342 994 2484 1061 quae
2540 972 2830 1042 sciuntur
2872 1025 2888 1041 .
2962 978 3263 1048 Oratoris

271 1090 500 1143 autem
553 1070 774 1139 omnis
824 1068 994 1135 aetio
1041 1070 1458 1157 opinionibus
1495 1122 1518 1153 ,
1587 1090 1718 1136 uon
1775 1068 2035 1137 scientia
2087 1072 2461 1139 continetur
2506 1121 2521 1137 .
2580 1078 2754 1151 Nam
2808 1080 2877 1145 δε
2936 1078 3102 1165 apud
3152 1100 3262 1147 eos

271 1177 602 1259 dicimuS,
655 1172 772 1264 qui
821 1170 1180 1260 nesciunt3
1249 1175 1319 1241 δε
1375 1192 1456 1237 ea
1503 1170 1790 1237 dicimus
1826 1224 1847 1255 ‚
1914 1192 2056 1260 quae
2113 1170 2438 1241 nescimus
2490 1173 2656 1258 ipfi,
2730 1179 2959 1265 Itaque
3032 1182 3100 1247 &
3161 1179 3262 1247 illi

261 1276 434 1347 alias
490 1274 670 1340 aliud
721 1270 956 1341 iisdem
1006 1274 1086 1339 de
1139 1270 1330 1340 rebus
1386 1274 1455 1341 &
1515 1270 1844 1356 sentiunt,
1899 1274 1969 1339 &
2027 1273 2365 1359 judicanr3
2420 1276 2489 1341 &
2551 1295 2669 1340 nos
2720 1278 3087 1343 contrarias
3144 1281 3261 1346 Γε-

269 1396 348 1462 pe
399 1370 1008 1443 causas'dicimus:
1069 1396 1202 1442 non
1257 1374 1459 1439 modo
1515 1392 1588 1439 ut
1661 1374 1936 1440 Crassus
1988 1390 2223 1439 contra
2274 1394 2383 1439 me
2435 1376 2609 1441 dicat
2660 1375 3014 1465 aliquando
3054 1430 3074 1463 ‚
3144 1395 3261 1447 aut

261 1496 398 1563 ego
449 1492 677 1543 contra
731 1478 1044 1543 Crassum
1104 1530 1125 1561 ,
1188 1498 1348 1545 cum
1401 1474 1708 1541 alterutri
1765 1472 2024 1539 necesse
2073 1474 2147 1539 fit
2202 1473 2477 1541 falssum
2531 1467 2807 1563 dicer'e5
2878 1477 2985 1543 sed
3057 1480 3258 1548 etiam

267 1594 346 1643 ut
401 1594 674 1665 uterque
731 1574 1024 1645 nostrum
1075 1578 1300 1646 eadem
1368 1577 1452 1643 de
1517 1598 1592 1643 re
1664 1574 1826 1643 alias
1880 1574 2056 1643 aliud
2106 1575 2415 1643 defendat
2456 1628 2475 1659 ,
2526 1598 2683 1643 cum
2754 1577 2903 1663 plus
2956 1600 3091 1645 uno
3146 1600 3257 1647 ve·

262 1696 424 1743 rum
475 1677 616 1745 esse
663 1700 798 1745 non
855 1679 1034 1765 poffit
1073 1728 1089 1744 .
1166 1684 1258 1745 Ut
1312 1679 1514 1767 igitur
1563 1678 1632 1741 in
1687 1675 2003 1755 ejusmodi
2059 1698 2132 1743 re
2169 1728 2193 1761 ,
2260 1700 2401 1765 quae
2441 1678 2813 1743 ·mendaci0
2898 1682 3055 1747 nixa
3111 1680 3184 1745 fit
3235 1736 3255 1769 ‚

262 1800 410 1867 qua:
467 1778 626 1867 saepe
676 1780 756 1845 ad
805 1778 1140 1849 scientiam
1191 1802 1326 1847 non
1375 1779 1772 1867 perveniat,
1824 1800 1964 1865 quae
2016 1778 2357 1864 opiniones
2408 1776 2761 1845 hominum
2818 1782 2887 1847 &
2946 1777 3107 1868 saepe
3153 1802 3255 1847 er.

261 1898 446 1944 rores
497 1896 906 1966 aucupetur,
954 1883 1046 1950 ita
1093 1886 1314 1947 dicam
1357 1929 1378 1963 ‚
1429 1880 1474 1944 fi
1528 1878 1794 1945 causam
1851 1879 2088 1964 putatis
2137 1878 2319 1962 esse,
2365 1899 2485 1944 cur
2536 1879 2813 1947 audiatis
2842 1928 2857 1943 .

253 2040 256 2045 .
373 1981 564 2042 vul.
617 1984 758 2043 Nos
808 2000 962 2045 vero
1003 2030 1024 2059 ,
1093 1984 1164 2047 &
1221 1977 1415 2043 valde
1462 1979 1734 2064 quidem
1777 2032 1797 2065 ‚
1845 1980 2129 2047 Catulus
2178 1980 2448 2067 inquit,
2502 1998 2869 2067 putamus;
2929 1996 3122 2075 atque
3170 2002 3253 2049 eo

255 2077 488 2163 magis
525 2128 544 2160 ,
613 2075 788 2165 quod
835 2077 1026 2143 nulla
1081 2078 1244 2143 mihi
1293 2076 1715 2143 ostentatione
1771 2078 2008 2141 videris
2055 2080 2193 2145 esse
2240 2079 2474 2147 usurus
2515 2132 2529 2145 .
2600 2081 2893 2151 Exorsus
2940 2105 3013 2149 es
3066 2084 3249 2150 enim

257 2196 396 2239 non
454 2174 774 2262 gloriose;
825 2177 1170 2267 magisque
1209 2231 1235 2263 ,
1296 2189 1370 2239 ut
1421 2190 1490 2241 tu
1545 2189 1734 2259 putas
1771 2228 1791 2260 ‚
1861 2196 1898 2237 a
1959 2178 2235 2241 veritate
2276 2230 2297 2261 ,
2362 2200 2564 2265 quam
2620 2200 2655 2243 a
2708 2179 2925 2247 nescio
2974 2201 3105 2268 qua
3157 2184 3247 2247 di-

250 2276 572 2361 gnitate.
643 2279 736 2340 Ut
788 2279 995 2365 igitur
1047 2280 1127 2345 de
1184 2274 1318 2362 ipso
1366 2294 1606 2361 genere
1663 2273 1810 2341 sum
1861 2274 2203 2341 confessus
2246 2329 2263 2361 ‚
2318 2278 2530 2363 inquit
2584 2282 2919 2345 Antonius
2958 2331 2982 2362 ,
3037 2295 3247 2346 artem

255 2371 396 2441 esse
453 2396 586 2441 non
639 2380 1044 2445 maximam.
1101 2378 1187 2444 fic
1238 2374 1408 2441 illud
1464 2378 1720 2439 affirmo
1761 2428 1786 2459 ,
1831 2394 2152 2461 praecepta
2201 2376 2385 2463 posse
2436 2376 2732 2465 quaedam
2784 2380 2925 2444 dari
2978 2400 3249 2465 peracu-

255 2488 324 2540 ta
381 2474 460 2541 ad
510 2478 996 2563 pertractandos
1054 2480 1308 2545 animos
1357 2476 1777 2559 hominum,
1845 2477 1913 2541 &
1971 2488 2169 2560 (11)
2226 2476 2306 2543 ad
2354 2478 2778 2564 excipiendas
2848 2501 3081 2549 eorum
3136 2502 3247 2547 νο-

251 2576 579 2643 luntates.
637 2580 856 2655 Hujus
911 2582 1002 2645 rei
1059 2579 1398 2645 scientiam
1473 2576 1516 2640 fi
1570 2579 1718 2664 quis
1768 2578 1942 2639 volet
2015 2596 2334 2664 magnam
2406 2577 2747 2664 quandam
2822 2596 3033 2645 artem
3104 2581 3245 2647 esse

250 2676 512 2761 dicere,
563 2700 694 2745 non
751 2680 1164 2770 repugnabo.
1219 2681 1482 2743 Etenim
1533 2699 1690 2745 cum
1743 2676 2044 2765 plerique
2097 2694 2340 2745 temere
2394 2697 2469 2741 ac
2528 2678 2713 2745 nulla
2768 2682 3016 2744 ratione
3087 2702 3243 2747 cau-

249 2774 350 2845 sas
406 2780 478 2842 in
531 2780 674 2846 foro
743 2780 962 2847 dicant
998 2809 1024 2867 ‚-
1105 2779 1410 2866 nonnulli
1486 2796 1712 2844 autem
1782 2796 2048 2864 propter
2118 2778 2661 2845 exercitationem
2706 2830 2726 2863 ‚
2796 2796 2908 2844 aut
2982 2798 3241 2866 propter

247 2877 792 2947 consuetudinem
848 2884 1144 2973 aliquam
1196 2879 1510 2957 callidius
1557 2878 1619 2942 id
1676 2877 1968 2965 faciant3
2017 2900 2148 2945 non
2204 2878 2294 2943 est
2344 2876 2615 2945 dubium
2656 2932 2675 2965 ‚
2726 2880 2943 2967 quin*
2988 2878 3033 2945 fi
3086 2883 3237 2969 quis

153 3030 160 3037 .
241 2980 840 3067 animadverterit,
905 2983 1060 3073 quid
1137 2984 1209 3048 fit
1257 2998 1462 3071 quare
1513 2979 1623 3043 alii
1679 2977 1916 3048 melius
1965 3001 2169 3069 quam
2222 2978 2334 3045 alii
2384 2978 2655 3063 dicant,
2707 2982 2769 3043 id
2822 2978 3007 3065 possit
3056 2998 3239 3048 nota-

249 3100 361 3151 re.
415 3084 593 3168 Ergo
644 3086 711 3154 id
765 3088 873 3171 qui
931 3102 1068 3151 toto
1117 3086 1182 3147 in
1235 3102 1478 3169 genere.
1527 3080 1802 3163 fecerit,
1853 3081 1905 3147 is
1963 3080 2009 3147 fi
2063 3104 2199 3149 non
2256 3080 2453 3168 plane
2505 3096 2763 3168 artem,
2812 3098 2877 3145 at
2930 3080 3109 3170 quast
3134 3102 3235 3145 ar-

250 3193 396 3244 tem
443 3179 782 3265 quandam
836 3186 1196 3251 invenerit.

357 3280 580 3362 Atque
630 3281 930 3363 utinam,
981 3299 1053 3346 ut
1107 3280 1272 3344 mini
1339 3283 1462 3346 illa
1513 3279 1732 3347 videre
1807 3280 2036 3348 videor
2090 3285 2158 3348 in
2212 3283 2355 3346 foro
2406 3299 2601 3372 atque
2651 3286 2721 3347 in
2794 3282 3007 3350 caulis
3057 3332 3078 3367 ‚
3146 3285 3237 3350 ita
3306 3369 3311 3374 Α

158 3408 165 3413 ·
249 3397 482 3458 nune,
529 3381 1092 3466 quemadmodum
1143 3397 1220 3443 ea
1273 3382 1706 3462 reperirentur
1755 3429 1776 3460 ,
1851 3381 2072 3464 poffim
2127 3381 2315 3445 vobis
2366 3400 2696 3462 exponere
2740 3381 2756 3438 Ξ
2811 3384 2937 3446 Sed
2992 3381 3073 3442 de
3126 3403 3233 3448 me

249 3475 474 3541 videro
495 3498 518 3538 ε.
569 3501 746 3545 nunc
801 3481 924 3546 hoc
976 3497 1306 3568 propon0‚
1356 3479 1533 3565 quod
1585 3475 1746 3542 mihi
1787 3479 2111 3562 persuasi,
2160 3479 2463 3562 quamvis
2502 3495 2603 3538 ars
2658 3497 2786 3540 non
2846 3479 2959 3558 fit,
3010 3493 3233 3546 tamen

247 3576 412 3642 nihil
469 3573 606 3644 esse
657 3581 947 3666 perfeeto
997 3597 1250 3646 oratore
1305 3578 1716 3664 praeclarius.
1775 3579 1997 3659 Nam,
2047 3591 2118 3641 ut
2176 3574 2369 3640 usum
2421 3573 2672 3638 dicendi
2722 3577 3074 3657 omittam,
3121 3577 3233 3664 qui

244 3681 322 3744 in
374 3678 564 3740 omni
619 3700 852 3763 pacata
905 3683 976 3748 &
1037 3678 1244 3746 libera
1289 3679 1558 3745 civitate
1628 3677 2002 3742 dominatur
2047 3729 2066 3760 ‚
2152 3692 2337 3739 tanta
2428 3671 2770 3739 oblestatio
2838 3675 2928 3742 est
2982 3677 3049 3738 in
3098 3675 3232 3762 ipsa

246 3776 574 3846 facultate
621 3779 940 3865 dicendi,
1007 3797 1084 3846 -ut
1139 3779 1299 3844 nihil
1375 3781 1728 3846 hominum
1784 3787 1908 3842 ‘aut
1987 3775 2250 3841 auribus
2307 3791 2417 3838 aut
2478 3772 2797 3840 mentibus
2871 3777 3234 3856 iucundius

245 3877 500 3966 percipi.
545 3879 774 3964 poffit.
843 3885 975 3962 Qi
1047 3883 1226 3946 enim
1293 3896 1529 3944 cantus
1601 3877 1946 3944 moderatae
1997 3876 2321 3941 orationis
2388 3877 2919 3960 pronuntiatione
2970 3876 3231 3944 dulcior

245 3977 534 4047 inveniri
587 3981 782 4066 potest
822 3983 856 4042 .2
927 3981 1098 4070 quod
1155 3999 1420 4045 carmen
1479 3977 1832 4045 artificiola
1891 3975 2238 4043 verborum
2296 3975 2712 4042 conclufione
2769 3979 3041 4064 aptius?
3114 3979 3230 4067 qui

243 4081 431 4148 actor
483 4078 558 4143 iu
607 4081 963 4168 imitanda,
1013 4101 1226 4170 quam
1265 4097 1482 4145 orator
1539 4082 1604 4144 in
1663 4077 2062 4168 sulcipienda
2089 4078 2363 4141 veritate
2417 4074 2825 4151 iucundior?
2874 4078 3054 4166 Qid
3112 4101 3225 4148 au..

2984 4199 3122 4248 tem

235 4373 3240 4424 w

239 4543 539 4614 fignificat.
577 4551 866 4620 Oportet,
908 4549 1117 4620 inquit,
1156 4567 1239 4606 me
1279 4569 1415 4618 pene
1448 4547 1548 4604 elle
1589 4570 1684 4607 tm·
1793 4547 2051 4611 Fontine,
2093 4547 2548 4602 adexritandas.
2591 4549 2789 4603 Mul-ct.
2832 4548 3221 4607 LambiniMss.

237 4619 572 4687 pudentem,
611 4642 702 4693 qul
747 4622 914 4679 velim
953 4623 1146 4698 docere
1185 4621 1326 4690 qnod
1370 4619 1480 4692 ipse
1542 4642 1686 4678 nun-
1791 4621 1974 4682 habuit
2013 4631 2231 4689 captam
2218 4619 2354 4671 dzas
2394 4613 2485 4671 sed
2523 4637 2649 4673 cave
2687 4619 2819 4689 quid
2854 4639 3075 4684 πιυτες,
3130 4619 3223 4675 illa

237 4707 392 4761 quam
432 4693 762 4750 didicerim:
805 4693 896 4748 sed
935 4693 1188 4764 quoniam
1227 4711 1466 4746 oratores
1526 4693 1685 4748 auda-
1791 4695 1938 4750 enim
1980 4711 2088 4745 vox
2129 4689 2275 4744 idem
2320 4687 2460 4741 valet
2496 4709 2551 4743 at
2596 4687 2749 4754 haec·
2786 4709 2844 4747 ut
2899 4692 2963 4748 in
2985 4686 3223 4750 Horatii

236 4781 370 4819 ctam
415 4765 562 4820 hanc
601 4761 848 4820 iulande
889 4783 1146 4833 ponunt,
1190 4781 1566 4844 neque-orator
1604 4762 1686 4818 es·
1789 4764 1942 4836 epist.
1983 4761 2080 4817 lib.
2125 4782 2167 4815 ι.
2206 4779 2293 4830 ep.
2340 4781 2390 4816 1.
2426 4779 2479 4814 v.
2513 4767 2612 4825 78

238 4831 294 4889 se
335 4837 508 4892 bonus
551 4831 833 4905 quisquam
873 4835 1105 4915 potest,
1157 4835 1264 4890 nisi
1303 4834 1365 4891 lit
1405 4836 1547 4890 idem
1588 4853 1686 4890 ore

236 4904 498 4970 duriori
539 4911 596 4962 Bt
636 4907 791 4970 paulo
831 4904 1242 4972 confidentior,
1290 4907 1563 4976 aggrediar
1606 4903 1686 4960 fa·
1867 4943 1882 4960 .
1918 4947 1934 4962 .
1973 4944 1986 4958 .
2027 4907 2202 4958 Pomis
2240 4902 2447 4979 viduas
2486 4919 2775 4958 venantur
2810 4919 3057 4964 avaras,

235 4995 311 5033 ne
348 4977 414 5031 ad
452 4976 782 5041 ducendum,
817 4977 947 5048 quid
985 4976 1208 5032 sentiam
1247 4976 1314 5033 dc
1346 4978 1684 5048 eloquentia.
1864 4976 2131 5045 Excipiam
2169 4976 2429 5044 qut-senes
2452 4993 2614 5050 ,quos
2630 4973 3229 5030 invtvariamimntz

237 5049 536 5120 l'rusteus.
1934 5052 2176 5108 Pearctus
2198 5082 2223 5100 .

310 5123 343 5187 (
369 5127 478 5190 11)
516 5117 622 5180 Ad
668 5120 1018 5198 excipiendas
1069 5141 1256 5182 eorum
1292 5119 1622 5181 voluntates
1657 5125 1694 5187 )
