4359 6321
1125 490 1182 588 8
1561 485 1738 581 DE
1797 473 2589 582 INVENTIONE
2648 465 3385 576 RHETORJGA

1007 611 1376 697 quaeritur‚‘
1443 607 1580 676 fine
1630 610 1769 680 ulla
1824 607 2118 675 nominis
2165 604 2610 673 controversia
2648 653 2667 670 .
2740 605 2920 672 Huic
2988 606 3219 694 generi
3274 607 3735 696 Hermagoras
3816 619 4037 698 pai-tes

1013 698 1296 800 quatuor
1349 709 1676 800 supposuit
1715 761 1736 797 ‚
1787 707 2291 778 deliberativam
2328 758 2351 792 ‚
2399 704 3030 794 demonstrativam,
3094 703 3542 784 juridicialem
3601 721 3742 795 (23
3786 719 3814 798 )
3855 765 3877 798 ‚
3928 737 4039 786 ne.

1019 813 1374 904 gotialem.
1435 811 1630 894 Quod
1681 812 1824 890 ejus
1857 859 1880 894 ,
1959 823 2034 876 ut
2087 827 2209 874 nos
2259 825 2573 896 putamus
2614 858 2637 895 ‚
2708 829 2845 876 non
2894 807 3227 880 mediocre
3282 825 3633 895 peccatum
3686 815 4041 902 reprehen-

1019 913 1310 985 dendum
1360 911 1616 982 videtur
1657 946 1674 986 :
1729 929 1964 978 verum
2017 907 2245 992 brevi,
2288 929 2375 976 ue
2413 961 2433 994 ,
2488 924 2605 977 aut
2658 908 2706 977 si
2758 911 2940 980 taciti
2998 908 3507 998 praeterierimus
3547 965 3570 1000 ,
3658 912 3795 980 sme
3844 918 4045 988 causa

1023 1037 1156 1082 non
1211 1013 1410 1084 secuti
1463 1033 1620 1080 eum
1671 1027 2043 1100 putemur3
2111 1024 2227 1082 aut
2280 1009 2329 1078 fi
2379 1009 2626 1078 diutius
2682 1012 2749 1078 in
2802 1014 2931 1082 hoc
2986 1009 3477 1082 constiterimus
3514 1067 3539 1100 ,
3608 1035 3875 1086 moram
3947 1035 4045 1088 at.

1025 1137 1154 1208 que
1201 1114 1756 1208 impedimentum
1829 1111 2099 1199 reliquis
2151 1111 2483 1200 praeceptis
2536 1111 2817 1182 intuliffe
2891 1111 3237 1190 videamur
3272 1157 3291 1178 .
3374 1117 3441 1180 Si
3512 1115 3899 1185 deliberatio
3966 1125 4043 1192 ἅ

1026 1217 1492 1285 demonstratio
1545 1235 1790 1302 genera
1846 1211 1994 1279 sunt
2046 1210 2401 1280 causarum
2438 1265 2459 1296 ,
2511 1235 2649 1280 non
2704 1214 2959 1303 poffunt
3010 1214 3187 1286 reete
3230 1230 3449 1302 partes
3504 1219 3793 1297 alicujus
3834 1241 4045 1311 igene-

1028 1320 1121 1386 ris
1171 1317 1380 1386 causae
1431 1318 1681 1404 putari.
1739 1316 1988 1382 Eadem
2039 1317 2221 1384 entim
2272 1334 2379 1383 res
2432 1312 2545 1379 alii
2598 1339 2807 1405 genus
2856 1315 2979 1384 effe
3022 1367 3047 1402 ,
3098 1317 3215 1383 alii
3263 1337 3415 1405 pars
3470 1319 3677 1408 potest
3728 1347 3753 1384 .-
3828 1321 4045 1394 eidem

1033 1439 1244 1508 genus
1289 1419 1414 1488 effe
1467 1419 1538 1486 ἃ.
1599 1438 1748 1505 pars
1803 1436 1936 1484 non
1985 1413 2203 1504 potest
2243 1461 2258 1480 .
2334 1413 2750 1485 Deliberatio
2806 1437 3033 1486 autem
3108 1419 3179 1488 &
3254 1419 3727 1488 demonstratio
3800 1443 4047 1512 genera

1033 1519 1190 1587 sunt
1239 1518 1592 1588 causarum
1631 1567 1648 1586 .
1717 1521 1902 1585 Nam
1964 1531 2078 1582 aut
2129 1515 2405 1584 nullum
2454 1516 2659 1586 causae
2719 1541 2929 1608 genus
2978 1517 3075 1586 est
3108 1569 3133 1604 ‚
3199 1535 3316 1587 aut
3388 1523 3699 1599 judiciale
3756 1519 3975 1590 solum
4024 1575 4049 1610 ‚

1033 1639 1152 1692 aut
1203 1623 1276 1692 δε
1335 1620 1694 1705 iudiciale,
1745 1623 1816 1689 dt
1872 1617 2503 1706 demonstrativum,
2564 1621 2637 1690 δι
2690 1621 3229 1691 deliberativum.
3286 1621 3575 1695 Nullum
3626 1625 3842 1693 dicere
3898 1641 4049 1692 cau·

1037 1722 1117 1791 sie
1171 1723 1292 1792 effe
1343 1743 1596 1811 geum,
1645 1743 1800 1790 cum
1855 1719 2084 1788 causas
2133 1721 2257 1786 effe
2306 1719 2557 1788 multas
2606 1721 2823 1811 dicat,
2883 1727 2953 1794 &
3008 1725 3077 1790 in
3118 1743 3228 1792 eas
3264 1741 3580 1814 praecepta
3618 1725 3763 1810 det,
3816 1745 4049 1792 amen-

1040 1825 1126 1892 tia
1177 1823 1308 1892 e'st.
1367 1827 1605 1893 Unu‘m
1657 1839 1883 1891 autem
1939 1819 2247 1900 judiciale
2304 1823 2519 1890 solum
2566 1823 2691 1892 effe
2742 1827 2857 1914 qui
2909 1824 3115 1912 potest
3150 1877 3173 1911 ,
3241 1847 3405 1892 eum
3459 1825 3833 1893 deliberatio
3885 1877 3909 1909 ,
3966 1825 4043 1892 &

1042 1923 1514 1993 demonstratio
1555 1979 1578 2011 ,
1619 1947 1834 2016 neque
1887 1921 2034 2009 ipsae
2089 1919 2331 1994 similes
2387 1925 2556 1991 inter
2610 1923 2676 1993 fe
2728 1925 2853 1992 fint
2895 1979 2920 2013 ,
2992 1928 3063 1997 δι
3118 1945 3159 1994 ει
3210 1926 3499 2006 judiciali
3554 1946 3790 2014 genere
3842 1923 4051 2010 pluri-

1047 2045 1240 2095 mum
1289 2026 1636 2096 diffideant
1669 2077 1692 2113 ,
1743 2029 1814 2096 &
1875 2022 2067 2092 suum
2119 2045 2393 2114 quaeque
2443 2025 2655 2096 finem
2700 2025 2939 2095 habeat
2980 2082 3005 2115 ‚
3070 2049 3205 2117 quo
3244 2029 3487 2098 referri
3538 2025 3838 2096 debeat?
3922 2028 4053 2094 Re.

1047 2127 1378 2218 linquitur
1427 2148 1644 2218 ergo,
1693 2143 1768 2197 ut
1818 2126 2046 2195 omnia
2097 2125 2231 2192 tria
2282 2147 2527 2216 genera
2578 2129 2707 2197 lint
2756 2127 3159 2198 cansarum.
3218 2127 3625 2196 Deliberatio
3674 2126 3919 2214 igitur,
3976 2124 4043 2190 δε

1049 2227 1518 2298 demonstratio
1571 2251 1706 2298 non
1757 2230 2010 2318 possunt
2083 2226 2261 2295 reete
2308 2243 2527 2314 partes
2577 2228 2870 2309 alicujus
2932 2229 3195 2322 generis
3248 2229 3455 2300 caulae
3522 2229 3741 2318 putari
3782 2273 3803 2295 .
3875 2222 4057 2290 Male

1051 2329 1254 2418 igitur
1305 2351 1418 2398 eas
1465 2330 1795 2418 generalis
1839 2325 2319 2396 constitutionis
2367 2347 2587 2415 partes
2636 2331 2763 2395 effe
2811 2331 3021 2398 dixit.

1147 2436 1236 2499 X.
1291 2431 1494 2517 Qiod
1548 2431 1594 2498 fi
1647 2429 1914 2518 generis
1965 2427 2174 2494 causae
2224 2440 2439 2507 partes
2492 2443 2625 2486 non
2678 2425 2932 2508 poss‘unt
2983 2427 3161 2492 reste
3210 2437 3431 2516 putari
3474 2485 3497 2518 ,
3558 2434 3783 2502 multo
3832 2431 4057 2500 miiius

1049 2531 1224 2602 reste
1273 2533 1480 2618 partis
1526 2530 1744 2595 eaufie
1793 2539 2007 2611 partes
2063 2520 2507 2606 putabuntur.
2560 2522 2719 2587 Pars
2770 2539 2994 2591 autem
3046 2527 3295 2616 causae,
3343 2531 3728 2600 constitutio
3776 2531 3869 2603 est
3916 2549 4067 2597 om-

1059 2633 1202 2703 nis.
1256 2631 1413 2694 Non
1463 2627 1644 2692 enim
1696 2620 1890 2690 causa
1941 2619 2025 2686 ad
2078 2617 2619 2694 constitutionem
2658 2672 2682 2710 ‚
2746 2621 2859 2690 fied
2910 2627 3291 2693 constitutio
3339 2629 3427 2694 ad
3472 2634 3746 2704 caufim
3794 2651 4065 2702 accom..

1055 2729 1362 2802 modatur
1383 2773 1401 2794 .
1452 2726 1580 2794 Sed
1631 2719 2106 2792 demonstratio
2159 2721 2231 2790 &
2286 2719 2669 2790 deliberatio
2706 2773 2731 2806 ,
2776 2725 3045 2812 generis
3092 2724 3303 2794 causae
3354 2743 3571 2816 partes
3622 2751 3755 2794 non
3812 2733 4061 2817 potsunt

1061 2831 1236 2902 reete
1287 2827 1565 2920 putari,
1617 2823 1789 2918 quod
1838 2821 1972 2911 ipsa
2025 2819 2179 2890 sunt
2229 2841 2509 2912 genera.
2565 2823 2789 2892 Multo
2838 2827 3041 2915 igitur
3094 2828 3320 2896 minus
3366 2825 3545 2898 τεᾶς
3596 2831 3797 2917 partis
3844 2831 3991 2908 eius
4040 2885 4065 2920 ,

1061 2931 1238 3024 quod
1284 2931 1398 3000 hie
1449 2927 1614 2998 dicit
1657 2980 1680 3014 ‚
1731 2939 1950 3016 partes
2001 2920 2447 3011 putabuntur.
2500 2923 2760 2993 Deinde
2813 2928 2860 2996 si
2915 2927 3295 2998 constitutio
3330 2979 3353 3014 ,
3404 2930 3479 2998 δε
3530 2928 3673 3018 ipsa
3706 2981 3732 3017 ,
3784 2931 3855 3000 &
3910 2951 4065 3020 pars

1063 3037 1208 3114 eius
1259 3030 1560 3122 quaelibet
1597 3082 1620 3116 ‚
1667 3024 2046 3104 inuentionis
2095 3024 2395 3115 depulsio
2445 3023 2577 3113 est3
2628 3049 2774 3118 quae
2825 3028 3215 3098 intentionis
3266 3029 3563 3118 depulfio
3610 3053 3750 3101 non
3798 3031 3937 3117 est,
3982 3049 4071 3100 ea

1065 3151 1190 3206 nec
1240 3131 1646 3217 constitutiO,
1708 3149 1832 3203 nec
1885 3147 2032 3217 pars
2081 3127 2559 3199 constitutionis
2606 3127 2699 3199 est
2734 3178 2753 3199 .
2824 3133 2921 3199 At
2975 3130 3025 3201 fi
3074 3182 3095 3219 ‚
3142 3153 3291 3225 quae
3342 3131 3727 3203 intentionis
3776 3132 4065 3221 depulfio

1067 3256 1203 3305 non
1253 3234 1346 3305 est
1383 3287 1404 3325 ,
1451 3254 1530 3301 ea
1581 3252 1702 3303 nec
1753 3230 2137 3300 constitutio
2177 3283 2199 3316 ,
2252 3252 2371 3302 nec
2423 3250 2573 3322 pars
2626 3231 3107 3304 constitutionis
3156 3236 3309 3325 est3
3384 3234 3849 3305 demonstratio
3883 3284 3909 3320 ,
3987 3238 4067 3303 «Sc

1069 3332 1454 3417 deliberatio
1485 3338 1518 3423 ⁶,
1569 3354 1781 3425 neque
1830 3332 2261 3421 constitutis,
2328 3354 2449 3402 nec
2498 3356 2577 3425 pa
2592 3360 2659 3407 rs
2711 3336 3183 3405 constitutionis
3228 3334 3325 3409 est
3358 3385 3375 3404 .
3456 3340 3521 3406 si
3570 3340 3781 3428 igitur
3832 3334 4071 3405 consti-

1070 3439 1244 3507 tutio
1296 3489 1321 3523 ‚
1371 3436 1442 3507 ἅ
1499 3436 1637 3523 ipsa
1673 3486 1696 3523 ‚
1749 3438 1836 3517 δι,
1878 3455 2026 3524 pars
2079 3436 2225 3515 ejus
2260 3486 2285 3523 ,
2330 3436 2715 3509 intentionis
2764 3436 3061 3528 depulsio
3108 3440 3201 3507 est
3232 3468 3264 3527 ,·
3334 3437 3716 3507 deliberatio
3752 3488 3774 3521 ‚
3828 3438 3903 3507 δε
3958 3436 4071 3505 de-

1071 3536 1462 3609 monstratio
1496 3584 1518 3621 ‚
1567 3556 1783 3626 neque
1835 3534 2215 3607 constitutio
2250 3586 2273 3622 ,
2344 3560 2559 3629 neque
2610 3562 2764 3633 pars
2816 3538 3297 3611 constitutionis
3346 3538 3440 3605 est
3474 3584 3495 3607 .
3568 3538 3791 3605 Placet
3842 3554 4077 3607 autem

1073 3639 1190 3726 ipsi
1233 3685 1256 3721 ,
1303 3635 1685 3703 intentionis
1737 3657 1873 3727 non
1923 3636 2046 3702 effe
2099 3637 2585 3724 depulsionem.
2644 3643 2913 3713 Placeat
2967 3642 3169 3730 igitur
3215 3652 3513 3725 oportet,
3562 3658 3698 3703 non
3733 3637 3859 3705 effe
3908 3660 4079 3709 con-

1077 3734 1490 3810 stitutionem
1529 3778 1552 3818 ,-
1599 3754 1736 3803 -nec
1791 3752 2056 3823 partem
2107 3732 2587 3808 constitutionis
2621 3791 2638 3808 .
2712 3749 2933 3830 Atque
2981 3742 3107 3808 hoc
3160 3738 3389 3807 eodem
3454 3738 3801 3824 urgebitur
3852 3792 3877 3825 ,
3946 3738 4075 3807 five

1081 3834 1621 3925 constitutionem
1657 3886 1680 3919 ,
1729 3838 2012 3927 primam
2067 3838 2275 3904 causae
2326 3840 2719 3913 accusatoris
2769 3838 3348 3909 confirmationem
3398 3834 3647 3903 dixerit
3686 3890 3708 3923 ‚
3778 3836 3913 3905 five
3962 3839 4075 3907 de-

1083 3938 1370 4009 fensoris
1437 3936 1726 4027 primam
1780 3936 2307 4029 deprecationem
2339 3988 2356 4009 .
2428 3946 2617 4014 Nam
2682 3960 2841 4011 eum
2906 3934 3141 4007 eadem
3208 3934 3447 4005 omnia
3510 3936 3929 4009 incommoda
3978 3936 4079 4007 se-

1087 4054 1420 4133 quentur.
1857 4039 1865 4047 ’

1193 4142 1457 4210 Deinde
1505 4142 1972 4225 coniefiluralis
2023 4152 2223 4220 causa
2276 4172 2409 4223 non
2460 4150 2663 4238 potest
2716 4134 2912 4215 fimul
2958 4166 3047 4215 ex
3096 4146 3329 4215 eadem
3382 4160 3563 4237 parte
3604 4200 3627 4233 ‚
3694 4144 3933 4215 eodem
4003 4144 4081 4211 in

1083 4260 1328 4337 genere
1379 4246 1450 4315 &
1508 4248 1970 4325 coniesturalis
2021 4256 2140 4322 effe
2176 4306 2201 4341 ,
2250 4258 2323 4324 δε
2379 4250 2731 4321 definitiva
2771 4295 2790 4315 .
2846 4245 3103 4317 Rursus
3152 4270 3275 4318 nec
3324 4246 3669 4317 definitiva
3720 4246 3916 4315 causa
3968 4266 4079 4335 po-

1081 4344 1212 4415 test
1263 4342 1454 4413 fimul
1507 4370 1590 4417 ex
1642 4350 1872 4423 eadem
1921 4374 2110 4443 parte
2149 4410 2172 4443 ,
2207 4355 2445 4445 'eodem
2494 4349 2565 4416 in
2620 4370 2905 4444 genere,
2957 4353 3029 4422 δε
3080 4348 3429 4419 definitIva
3476 4348 3599 4418 else
3652 4404 3677 4437 ‚
3732 4352 3803 4419 δε
3859 4366 4085 4417 trans-

1087 4444 1335 4515 lativa.
1393 4450 1476 4517 Et
1525 4456 2034 4525 omninonulla
2083 4452 2457 4523 constitutio
2507 4500 2530 4534 ,
2598 4472 2719 4524 nec
2770 4474 2930 4543 pars
2974 4452 3455 4527 constitutionis
3502 4448 3701 4541 potest
3754 4448 3949 4518 simul
4008 4450 4083 4517 ὅ(

1089 4545 1282 4647 suam
1333 4546 1566 4621 habere
1615 4603 1640 4641 ,
1711 4559 1780 4625 δι
1859 4556 2126 4623 alterius
2183 4555 2251 4616 in
2303 4551 2368 4618 se
2420 4551 2555 4618 vim
2610 4558 2949 4625 continere
3004 4580 3023 4621 ι
3093 4552 3242 4621 ideo
3306 4550 3485 4643 quod
3539 4570 3948 4643 unaquaeque
3998 4568 4087 4614 eir

1091 4645 1160 4717 se
1193 4698 1220 4745 ‚
1283 4650 1355 4721 ac
1411 4670 1494 4723 ex
1545 4653 1659 4723 sua
1711 4672 1948 4724 natura
2001 4652 2382 4741 simpliciter
2444 4655 2955 4747 ‚confideraturz
3030 4653 3234 4723 altera
3302 4652 3620 4743 assumpta
3666 4706 3685 4741 ‚
3758 4668 4089 4724 numerus

3828 4772 3989 4821 COU-

1099 4940 3997 4992 mun—anum

1105 4986 4049 5026 m?

1161 5126 1317 5197 (23)
1346 5126 1784 5196 Jmidfcialem,
1824 5086 2198 5198 negotialem)
2254 5130 2385 5187 Duo
2422 5127 2539 5187 hoec
2638 5132 2697 5183 &
2734 5124 2800 5183 ad
2839 5122 3002 5199 ipsius
3040 5122 3472 5203 explicationem
3524 5120 3765 5197 quadam
3796 5110 4093 5179 annotabi-

1089 5195 1347 5253 vocabula
1387 5198 1598 5257 Tullius
1652 5198 1772 5274 ipse
1807 5202 1971 5275 paulo
2021 5200 2143 5275 post
2181 5200 2478 5274 explicabit
2511 5240 2533 5268 ,
2636 5217 2785 5259 min.
2818 5199 3007 5260 Iden».
