4359 6321
2661 245 2731 292 ‘x

1199 504 1374 631 362
1947 494 2178 583 DE
2302 480 3072 579 CLARIS

1075 644 1224 711 ros5
1281 621 1344 689 se
1395 632 1619 689 autem
1669 613 1979 684 omnium
2031 630 2256 677 rerum
2308 605 2861 697 inicium-fingit
2935 606 3003 675 &
3064 602 3299 671 rudem
3342 649 3357 669 .
3416 603 3623 671 Decet
3674 601 3804 679 hoc
3860 608 4079 681 nescio

1078 704 1416 815 quomodo
1467 721 1660 789 illum
1703 741 1720 783 ι
1777 735 1893 782 nec
1951 713 2242 799 Epicuro
2286 762 2305 795 ,
2376 710 2492 798 qui
2546 705 2613 775 id
2668 708 3127 797 reprehendit,
3179 705 3518 778 assentior.
3575 706 3704 773 Sed
3752 708 3821 775 in
3876 706 4081 783 histo-

1076 828 1217 912 ria,
1269 844 1400 912 qua
1456 841 1524 889 tu
1579 842 1648 889 es
1701 815 1860 885 usus
1917 818 1984 882 in
2041 813 2225 881 omni
2280 809 2623 894 sermone,
2676 830 2877 895 cum,
2924 808 3145 900 qualis
3200 805 3481 897 quisque
3532 824 3753 875 orator
3821 810 4081 904 fuisset,

1078 943 1484 1015 exponeres,
1535 920 1725 1005 vide,
1775 914 2032 1009 quaeso,
2080 914 2339 1004 inquit,
2389 932 2472 979 ne
2524 928 2665 977 tarn
2716 907 3262 1002 reprehendenda
3322 907 3400 975 fit
3453 910 3661 977 ironia
3691 963 3712 998 ,
3762 932 3962 1001 quam
3998 918 4083 987 in

1077 1024 1486 1095 testimonio·

1177 1112 1522 1211 Quorsus,
1573 1124 1887 1211 inquam,
1938 1116 2156 1186 istuc?
2213 1136 2348 1185 non
2392 1116 2576 1181 enim
2629 1110 2971 1199 intelligo.
3024 1110 3206 1197 'Quia
3262 1111 3601 1201 primum,
3656 1114 3873 1206 inquit
3913 1170 3935 1203 ,
3984 1121 4083 1187 ita

1081 1225 1420 1298 laudavisti
1471 1223 1797 1315 quosdam
1849 1224 2183 1302 oratores,
2238 1234 2311 1282 ut
2364 1215 2705 1304 imperi-tos
2756 1214 2955 1300 posses
3006 1214 3073 1279 in
3126 1233 3423 1282 errorem
3478 1215 3823 1285 inducere.
3878 1222 4083 1310 Equi-

1077 1330 1234 1399 dem
1307 1328 1374 1394 in
1425 1323 1815 1415 quibusdam
1891 1318 2102 1388 risum
2182 1317 2293 1383 vix
2346 1314 2648 1391 tenebam
2688 1369 2706 1400 ,
2774 1336 2932 1381 cum
3016 1316 3236 1382 Attico
3286 1318 3501 1401 Lysia:
3568 1323 3901 1388 Catonem
3954 1344 4079 1391 no-

1077 1430 1284 1497 strum
1341 1425 1815 1515 comparabas,
1871 1430 2196 1507 magnum
2255 1418 2639 1485 mehercule
2690 1417 3074 1501 hominem,
3127 1417 3234 1484 vel
3290 1419 3505 1503 potius
3554 1418 3942 1507 summum,
3993 1427 4073 1495 δε

1081 1527 1485 1618 fingularern
1541 1527 1800 1589 virum:
1862 1540 2058 1587 nemo
2109 1518 2282 1585 dicet
2338 1518 2553 1586 secus:
2610 1518 2714 1585 {ed
2764 1520 3151 1585 oratorem?
3212 1516 3318 1585 sed
3368 1520 3573 1588 etiam
3626 1523 3843 1605 Lyfiae
3894 1524 4075 1592 fimi,

1081 1628 1260 1714 lem,
1309 1649 1442 1719 quo
1494 1624 1660 1691 nihil
1715 1618 1917 1709 potest
1966 1621 2086 1687 effe
2141 1618 2427 1709 pistius?
2484 1619 2655 1687 bella
2708 1620 2965 1707 ironia,
3015 1618 3063 1686 fi
3114 1620 3485 1697 jocaremur
3534 1647 3552 1687 ε
3610 1621 3705 1689 sm
3757 1626 4077 1693 affevera-

1080 1752 1274 1812 mus,
1331 1727 1514 1815 vide,
1568 1744 1652 1796 ne
1705 1721 1940 1813 religio
1995 1720 2176 1789 nobis
2230 1738 2372 1789 tam
2423 1718 2785 1791 adhibenda
2845 1719 2921 1788 fit
2960 1771 2984 1807 ,
3034 1741 3238 1812 quam
3290 1721 3338 1788 fi
3390 1721 3845 1793 testimonium
3896 1724 4081 1795 dice-

1081 1848 1344 1905 remuS.

1189 1932 1334 2018 Ego
1383 1928 1562 1994 enim
1613 1931 1932 1994 Catonem
1987 1941 2221 2011 tuum,
2274 1941 2347 1993 ut
2397 1923 2657 2019 civem,
2706 1940 2781 1994 ut
2836 1923 3250 2009 senatorem,
3301 1940 3377 1992 ut
3434 1927 3946 2013 imperatorem,
3994 1944 4077 1995 ut

1083 2036 1308 2102 virum
1361 2026 1646 2119 denique
1701 2029 1860 2096 cu'm
1917 2027 2258 2116 prudentia
2302 2078 2320 2110 ,
2397 2027 2467 2095 ὅ(
2525 2024 2875 2112 dillgenria
2919 2080 2937 2112 ,
3008 2042 3157 2091 tum
3206 2028 3389 2093 omni
3443 2030 3690 2101 virtute
3736 2030 4080 2099 excellen-

1083 2150 1218 2201 tem
1273 2128 1510 2221 probo:
1564 2130 1892 2197 orationes
1947 2148 2170 2198 autem
2222 2129 2407 2212 ejus,
2458 2143 2529 2191 ut
2584 2128 2721 2193 illis
2771 2126 3207 2215 temporibus,
3262 2126 3453 2195 valde
3504 2128 3749 2196 laudo:
3792 2131 4077 2218 fignifi-

1082 2252 1237 2302 cant
1309 2234 1491 2299 enim
1559 2229 1894 2322 quandam
1966 2232 2254 2298 formam
2310 2228 2617 2317 ingenii,
2688 2228 2795 2309 sed
2849 2228 3214 2309 admodum
3265 2228 3676 2316 impolitam,
3734 2232 3805 2298 δε
3862 2233 4081 2318 plane

1084 2338 1319 2403 rudem
1381 2384 1396 2401 .
1473 2334 1787 2423 Origines
1840 2352 2000 2401 vero
2050 2352 2211 2404 cum
2261 2326 2568 2397 omnibus
2618 2332 2893 2409 oratoris
2944 2329 3249 2398 laudibus
3296 2330 3567 2399 refertas
3612 2330 3868 2399 diceres
3909 2382 3933 2415 ,
3990 2334 4072 2401 ἀ

1090 2442 1414 2504 Catonem
1484 2456 1644 2505 cum
1727 2432 1994 2500 Philisto
2066 2436 2136 2504 ὅ(
2216 2428 2615 2516 Thucydide
2688 2452 3167 2521 comparares,
3207 2434 3535 2529 ‚Brutone
3604 2448 3675 2499 te
3725 2431 3796 2498 id
3844 2431 4079 2500 cense-

1083 2536 1244 2621 baS,
1297 2561 1384 2605 an
1439 2539 1602 2604 mihi
1659 2532 2146 2624 probaturum?
2195 2539 2379 2618 Quos
2426 2533 2611 2600 enim
2664 2553 2747 2600 ne
2796 2555 2832 2598 e
2886 2534 3138 2602 Graecis
3191 2532 3465 2624 quidem
3514 2532 3867 2623 quisquam
3922 2533 4075 2599 imi-

1091 2640 1216 2704 tari
1268 2637 1477 2726 potest
1510 2691 1530 2722 ,
1605 2638 1681 2703 iis
1729 2652 1802 2703 tu
1857 2656 2205 2727 comparas
2256 2634 2598 2701 hominem
2648 2632 3122 2719 Tusculanum
3163 2686 3186 2722 ,
3256 2633 3561 2717 nondum
3638 2630 4077 2722 suspicantem

1079 2737 1278 2831 quale
1328 2736 1478 2804 effet
1530 2736 1792 2825 copiose
1847 2740 1915 2807 δε
1973 2756 2202 2805 ornate
2252 2736 2497 2808 dicere.

1198 2842 1578 2905 LXXXVI.
1632 2837 1916 2906 Galbam
1987 2838 2213 2906 laudas
2249 2886 2264 2903 .
2337 2839 2405 2904 Si
2457 2853 2529 2904 ut
2580 2836 2765 2905 illius
2816 2838 3023 2918 aetatis
3078 2837 3438 2925 principem
3480 2891 3499 2924 ,
3572 2838 3870 2906 affentior
3904 2857 3927 2901 .-
3982 2836 4069 2905 fic

1081 2940 1267 3007 enim
1323 2944 1701 3027 accepimus
1743 2988 1758 3005 .
1814 2942 1928 3006 Sin
1978 2961 2052 3008 ut
2101 2952 2443 3007 oratorem
2492 2993 2512 3024 ,
2579 2939 2780 3025 cede,
2829 2936 3042 3027 quaeso
3081 2988 3103 3024 ,
3152 2940 3521 3027 orationes,
3574 2938 3789 3033 (sunt
3838 2939 4067 3025 enim)

1086 3040 1159 3111 &
1215 3039 1368 3125 dic,
1421 3042 1651 3125 hunc,
1699 3061 1900 3129 quem
1955 3058 2030 3110 tu
2085 3042 2278 3130 pIuS,
2332 3062 2535 3132 quam
2586 3060 2694 3125 te,
2748 3060 2975 3125 amas,
3027 3044 3353 3124 Brutum,
3409 3039 3582 3117 velle
3636 3058 3700 3110 te
3754 3040 3889 3108 illo·
3928 3061 4069 3105 mo·

1081 3142 1170 3210 do
1221 3142 1442 3232 dicere
1482 3193 1498 3210 .
1571 3140 1809 3210 Probas
1865 3142 2089 3234 Lepidi
2145 3142 2525 3230 orationes:
2603 3141 2881 3232 paulum
2934 3141 3040 3210 hic
3092 3138 3204 3208 tibi
3272 3140 3577 3222 afl‘entior
3623 3197 3645 3231 ,
3714 3140 3913 3212 modo
3973 3144 4063 3210 ita

1083 3243 1363 3331 laudes,
1417 3264 1489 3311 ut
1540 3244 1887 3333 antiquas.-
1943 3245 2124 3336 quod·
2167 3248 2328 3313 item
2380 3247 2460 3314 de
2518 3245 2843 3312 Africano
2876 3297 2897 3330 ,
2948 3243 3031 3311 de
3082 3239 3323 3330 Laelio,
3380 3243 3577 3321 cujus
3633 3263 3701 3327 tu
3774 3245 4069 3326 oratione

1081 3365 1288 3433 negas
1340 3345 1480 3436 fieri
1556 3347 1926 3440 quidquam
1976 3347 2143 3437 poffe
2194 3345 2460 3416 dulcius
2506 3397 2522 3414 .
2602 3345 2818 3413 Addis
2867 3347 3072 3414 etiam
3142 3343 3364 3414 nescio
3430 3346 3588 3434 quid
3642 3345 3997 3435 augustius
4052 3369 4069 3409 ι

1085 3449 1356 3514 nomine
1412 3469 1536 3514 nos
1594 3449 1736 3534 capi
1793 3449 2026 3520 volens
2081 3448 2322 3517 summi
2380 3451 2547 3538 viri,
2606 3450 2883 3538 vitaeque
2932 3447 3425 3536 elegantiffimae
3478 3447 3809 3514 veriffimis
3850 3448 4079 3522 laudi·

1087 3546 1243 3616 bus.
1303 3555 1604 3616 Remove
1669 3551 1807 3616 haec
1852 3573 1874 3610 :
1951 3574 2047 3619 nae
2098 3550 2235 3618 ista·
2270 3550 2498 3620 dulcis
2561 3551 2768 3617 oratio
2822 3548 3046 3633 ita-fit
3102 3547 3352 3627 abiedht
3390 3599 3409 3634 ,
3458 3565 3529 3616 ut
3576 3566 3719 3616 eam
3774 3547 4077 3637 adspice-

1083 3669 1154 3714 re
1211 3671 1407 3715 nemo
1457 3651 1614 3716 velit
1651 3695 1669 3714 .
1739 3649 2116 3734 Carbonem
2167 3654 2236 3722 in
2293 3650 2569 3742 summis
2618 3649 2978 3719 oratoribus
3034 3651 3333 3717 habitum
3384 3650 3511 3718 scio
3548 3674 3569 3714 .·
3622 3649 3731 3719 sed
3780 3667 3945 3716 cum
4004 3651 4075 3718 in

1083 3753 1334 3816 caeteris
1385 3749 1617 3837 rebus,
1669 3767 1815 3844 tum
1871 3753 1939 3819 in
1993 3756 2321 3846 dicendo,
2376 3755 2671 3843 semper,
2722 3773 2859 3843 quo
2909 3753 3073 3819 nihil
3132 3751 3224 3819 est
3272 3753 3515 3820 melius
3553 3806 3572 3839 ,
3640 3751 3703 3820 id
3758 3753 4016 3820 laudari
4054 3802 4074 3836 ,

1085 3849 1576 3944 qualecumque
1625 3851 1719 3920 est
1763 3907 1784 3939 ‚
1853 3853 2064 3922 solet.
2121 3857 2291 3924 Dico
2342 3855 2514 3922 idem
2564 3857 2647 3922 de
2700 3853 3079 3926 Gracchisz
3152 3853 3267 3921 etsi
3317 3853 3401 3922 de
3448 3856 3533 3922 iis
3578 3873 3659 3922 ea
3714 3851 3865 3921 sunt
3914 3873 3951 3920 a
4006 3869 4077 3920 to

1084 3947 1258 4019 dista
1287 4005 1306 4038 ,
1355 3953 1590 4043 quibus
1639 3975 1770 4044 ego
1822 3955 2116 4023 affentior
2155 4006 2170 4042 ,
2247 3959 2504 4024 Omitto
2572 3971 2835 4030 caeteros
2874 3981 2891 4021 z
2947 3955 3139 4022 tenio
3192 3954 3273 4022 ad
3321 3976 3475 4042 eos,
3524 3956 3595 4024 in
3644 3956 3883 4045 quibus
3934 3958 4071 4034 jam

1083 4053 1450 4140 perfectam
1522 4075 1712 4145 putas
1761 4057 1881 4136 effe
1930 4057 2378 4148 eloquentiam
2420 4112 2441 4144 ‚
2512 4078 2681 4146 quos
2730 4076 2859 4144 ego
2914 4053 3133 4122 audivi
3179 4107 3198 4139 ,
3250 4056 3385 4124 fine
3433 4057 3869 4125 controversia
3924 4076 4066 4122 ma-

1082 4175 1255 4242 gnos
1305 4175 1640 4244 oratores,
1690 4157 1992 4224 Crassum
2047 4161 2117 4229 ὅ(
2177 4161 2557 4233 Antonium
2600 4207 2615 4224 .
2690 4157 2793 4226 De
2844 4156 3084 4228 horum
3137 4156 3440 4226 laudibus
3490 4159 3601 4226 tibi
3654 4157 3905 4249 prorsus
3957 4157 4057 4222 as-

1083 4253 1370 4324 sentior:
1429 4258 1537 4326 sed
1591 4275 1811 4326 tamen
1869 4279 2003 4327 non
2057 4259 2174 4328 isto
2226 4261 2464 4345 mode,
2522 4278 2597 4330 ut
2650 4259 2979 4343 Polycleti
3036 4259 3522 4350 Doryphorum
3577 4260 3687 4333 fibi
3738 4258 4063 4347 Lysippus

1077 4357 1334 4447 ajebat,
1388 4360 1474 4428 fic
1527 4377 1600 4428 tu
1653 4358 2018 4428 suafionem
2073 4363 2244 4452 legis
2300 4361 2593 4432 Serviliae
2644 4361 2757 4428 tibi
2812 4359 3195 4452 magistram
3248 4361 3429 4430 fuilse
3468 4413 3484 4438 ,
3538 4366 3699 4431 Haec
3750 4379 4071 4452 germana

1077 4458 1294 4527 ironia
1342 4461 1472 4528 est.
1525 4469 1666 4530 Cur
1721 4463 1808 4532 ita
1865 4463 2135 4534 sentiam
2175 4521 2195 4554 ,
2250 4485 2378 4532 non
2432 4465 2696 4550 dicam,
2746 4485 2827 4532 ne
2886 4485 2991 4546 me
3044 4461 3157 4530 tibi
3216 4464 3506 4531 assentari
3559 4481 3741 4552 putes
3782 4511 3798 4531 .
3852 4465 4069 4530 omit·

1083 4577 1151 4624 to
1204 4561 1452 4650 igitur,
1504 4586 1647 4652 qua:
1707 4566 1788 4630 de
1839 4565 1918 4633 iis
1969 4566 2162 4656 ipfis,
2214 4589 2354 4658 quae
2402 4565 2481 4646 de
2534 4573 2777 4650 Cotta,
2825 4587 2969 4656 quae
3019 4563 3104 4632 de
3155 4564 3485 4652 Sulpicio,
3536 4587 3679 4657 que
3730 4563 3939 4632 modo
3986 4567 4071 4632 de

1071 4661 1294 4728 coelio
1348 4661 1592 4729 dixeris
1631 4711 1648 4729 .
1702 4666 1756 4730 Ii
1808 4669 1992 4733 enim
2046 4668 2319 4736 fuerunt
2373 4687 2549 4735 certe
2614 4682 2949 4734 oratores,
3008 4667 3263 4751 Quanti
3316 4685 3537 4735 autem
3577 4722 3597 4756 ,
3652 4670 3723 4738 ὅ(
3786 4668 4069 4756 quales,

1072 4777 1144 4828 tu
1203 4759 1476 4837 videris.
1543 4767 1719 4830 Nam
1771 4763 1943 4834 illud
1999 4772 2223 4844 minus
2290 4789 2457 4836 curo
2493 4821 2513 4852 ,
2565 4765 2743 4859 quod
2798 4766 3156 4855 congeffisti
3206 4771 3538 4857 operarios
3604 4789 3843 4837 omnes
3890 4791 3914 4831 .·
3988 4787 4069 4836 ut

1069 4865 1239 4930 mihi
1293 4865 1648 4959 videantur
1701 4869 1872 4935 mori
1933 4871 2201 4939 voluisse
2256 4870 2625 4957 nonnulli,
2702 4884 2774 4956 ut
2828 4887 2867 4934 a
2918 4885 2981 4935 te
3030 4867 3101 4936 in
3156 4887 3495 4944 oratorum
3550 4891 3915 4944 numerum
3967 4891 4075 4938 re·-

1073 4963 1452 5059 ferrentur.

1179 5071 1597 5164 ,l-XXXVH·
1655 5073 1816 5143 Haec
1865 5091 2024 5168 cum
2079 5072 2197 5141 ille
2246 5071 2539 5162 diaulset,
2602 5074 2820 5162 Longi
2876 5069 3189 5144 sermonis
3246 5073 3508 5145 initium
3560 5073 3909 5160 detulisti,
3968 5074 4071 5141 in-

3706 5197 3960 5269 quam,
