4359 6321
307 655 317 665 .
377 606 565 677 xlx.
614 600 741 670 sed
798 603 932 681 jam
983 600 1170 671 illius
1221 604 1489 691 perfecti
1535 604 1870 691 oratoris,
1920 600 1990 675 ἃ
2050 604 2323 675 summae
2390 604 2783 699 eloquentiae
2850 522 3277 699 spegies5ex-

273 702 620 799 primenda
668 700 800 771 est:
851 723 1051 793 quem
1103 704 1229 771 hoc
1283 726 1418 771 uno
1466 704 1834 791 excellere,
1887 703 1954 770 id
2015 706 2106 775 est
2159 708 2461 776 oratione
2499 763 2521 797 ‚
2592 724 2823 779 caetera
2870 712 2941 777 in
2988 735 3069 785 eo
3118 719 3279 787 late..

274 830 348 877 re
399 804 652 876 indicat
703 820 946 871 nomen
999 802 1253 891 ipsum.
1305 809 1458 873 Non
1509 806 1693 873 enim
1744 805 2044 873 inventor
2081 858 2104 893 ‚
2157 824 2271 875 aut
2320 812 2709 902 compositor
2747 867 2768 901 ‚
2836 826 2952 881 aut
3020 817 3204 888 aster·
3244 872 3267 905 ,

273 910 413 979 haec
464 902 854 991 complexus
919 903 1014 971 est
1079 908 1306 974 omnia
1345 959 1366 992 ,
1435 902 1546 973 sed
1617 908 1688 977 &
1748 910 1974 975 Graece
2047 907 2132 973 ab
2201 910 2579 1000 eloquendo
2629 912 2805 1003 ρ’ότωρ
2845 967 2867 1003 ,
2946 916 3015 987 δε
3082 918 3264 1003 Lati-

274 1028 360 1079 ne
408 1008 697 1092 eloquens
767 1004 990 1074 dietus
1057 1005 1150 1073 est
1187 1055 1204 1073 .
1273 1012 1676 1077 Caeterarum
1746 1008 1928 1075 enim
1997 1026 2227 1076 rerum
2268 1061 2289 1095 ,
2352 1034 2497 1101 quae
2568 1012 2729 1086 sunt
2803 1018 2875 1087 in
2946 1009 3211 1117 oratoi'e
3251 1072 3273 1108 ‚

275 1125 526 1202 partem
582 1106 877 1195 aliquam
926 1106 1220 1197 aliquam
1274 1106 1387 1177 fibi
1435 1106 1720 1198 quisque
1769 1107 2118 1177 vindieat:
2168 1108 2430 1180 dicendi
2500 1130 2723 1185 autem
2762 1169 2783 1205 ,
2846 1117 2913 1183 id
2983 1121 3071 1191 est
3121 1122 3259 1193 elo-

275 1208 514 1302 quendi
583 1208 882 1276 maxime
935 1209 1042 1276 vis
1077 1261 1100 1296 ‚
1177 1206 1301 1277 soli
1353 1209 1512 1277 huic
1579 1207 1966 1277 conceditur
2004 1256 2026 1275 .
2088 1214 2499 1303 Quanquam
2566 1212 2751 1284 euiin
2830 1219 2901 1284 δι
2975 1222 3267 1307 philoso-

273 1311 386 1402 phi
442 1307 714 1399 quidam
782 1325 1009 1377 ornate
1085 1312 1286 1378 locuti
1340 1307 1492 1379 sunt
1529 1360 1553 1397 ,
1621 1320 1646 1397 (
1705 1308 2021 1398 siqnidem
2077 1312 2148 1381 &
2206 1312 2699 1403 Theophrastus
2750 1316 3091 1389 divinitate
3166 1322 3263 1389 lo-

273 1410 518 1503 quendi
590 1426 838 1477 nomen
907 1412 1159 1480 invenit
1207 1466 1231 1497 ‚
1299 1413 1372 1482 δι
1451 1409 1836 1481 Aristoteles
1907 1410 2261 1479 Isocratem
2334 1414 2548 1502 ipsum
2619 1415 2933 1487 laceffivit
3006 1429 3152 1511 (3⁶
3181 1431 3213 1505 )
3249 1474 3272 1509 ,

277 1516 352 1583 δε
409 1511 863 1599 Xenophontis
917 1533 1080 1581 voce
1129 1511 1360 1581 Musas
1410 1514 1596 1604 quali
1647 1512 1908 1584 locutas
1963 1510 2191 1580 ferunt
2232 1566 2253 1599 ,
2322 1518 2393 1583 δε
2451 1516 2653 1605 longe
2703 1518 3007 1587 omnium
3048 1574 3071 1607 ,
3120 1524 3269 1612 qui.

273 1633 564 1701 cumque
611 1607 1006 1701 scripserunt
1045 1666 1066 1701 ,
1135 1632 1250 1682 aut
1317 1614 1524 1701 locuti
1594 1612 1744 1681 sunt
1781 1665 1804 1699 ,
1871 1612 2114 1683 exstitit
2189 1618 2331 1703 (³¹)
2408 1616 2481 1685 δε
2553 1618 2881 1707 gravitate
2952 1624 3263 1711 princeps

275 1714 467 1782 Plato
519 1724 545 1802 )
615 1728 842 1783 tamen
889 1716 1130 1789 horum
1199 1719 1405 1785 oratio
1457 1735 1668 1808 neque
1718 1736 1959 1783 nervos
2009 1768 2028 1803 ,
2093 1736 2309 1806 neque
2376 1717 2641 1785 aculeos
2708 1723 3037 1791 oratorios
3086 1772 3108 1808 ‚
3178 1743 3257 1793 ac

275 1811 568 1882 forenses
621 1814 812 1883 habet
853 1865 870 1883 .
943 1822 1344 1909 Loquuntur
1392 1840 1552 1887 curn
1619 1815 1824 1885 dostis
1857 1869 1884 1904 ,
1950 1838 2242 1907 quorum
2316 1814 2537 1885 sedare
2606 1818 2860 1887 animos
2932 1822 3205 1891 malunt
3254 1877 3276 1912 ,

273 1936 480 2007 quam
547 1916 820 1985 incitare
855 1966 874 1985 .
945 1919 1050 1986 Sic
1119 1918 1199 1987 de
1265 1916 1459 1987 rebus
1525 1918 1797 2007 placatis
1855 1969 1878 2004 ,
1947 1938 2023 1986 ac
2097 1921 2375 1987 minime
2444 1916 2849 1988 turbulentis
2892 1968 2913 2003 ‚
2984 1921 3265 1993 docendi

272 2017 472 2085 causa
513 2069 536 2104 ,
605 2038 738 2085 non
793 2018 1093 2109 capiendi
1135 2072 1156 2107 ,
1229 2021 1594 2111 loquuntur
1628 2042 1652 2083 .-
1724 2034 1798 2085 ut
1849 2020 1917 2087 in
1968 2038 2045 2087 eo
2094 2018 2277 2108 ipso,
2344 2020 2518 2109 quod
2588 2019 3097 2091 delectationem
3153 2026 3272 2092 ali-

277 2140 480 2208 quam
543 2119 826 2186 dicendo
913 2138 1322 2209 aucupentur
1379 2175 1402 2209 ,
1471 2122 1618 2211 plus
1692 2120 2035 2195 nonnullis
2093 2172 2116 2208 ,
2202 2140 2404 2211 quam
2478 2120 2721 2191 neceffe
2810 2121 2887 2189 fit
2948 2174 2968 2208 ,
3043 2125 3265 2193 facere

277 2220 628 2289 videantur
665 2268 685 2285 .
764 2224 944 2310 Ergo
992 2224 1074 2289 ab
1141 2223 1264 2291 hoc
1338 2238 1578 2313 genere
1650 2244 1786 2290 non
1858 2220 2126 2290 difficile
2194 2221 2293 2289 est
2358 2222 2533 2291 hanc
2604 2222 3051 2312 eloquentiam
3102 2278 3123 2313 ,
3190 2226 3273 2295 de

277 2342 408 2412 qua
461 2340 645 2389 nune
695 2322 963 2412 agitur,
1016 2322 1344 2393 secernere
1381 2376 1398 2393 .
1455 2324 1686 2393 Mollis
1752 2321 1846 2391 est
1896 2324 2080 2389 enim
2131 2325 2337 2391 oratio
2381 2322 2938 2412 philosophorum
2992 2328 3063 2395 &
3124 2348 3271 2395 um-

274 2420 534 2495 bratilis
571 2476 594 2511 ‚
659 2443 784 2492 nec
839 2427 1170 2493 sententiis
1207 2478 1227 2513 ‚
1295 2448 1415 2495 nec
1473 2424 1684 2493 verbis
1753 2422 2069 2491 instructa
2137 2425 2557 2513 popularibus
2595 2476 2619 2512 ‚
2691 2445 2811 2493 nec
2868 2425 3086 2495 vincta
3142 2451 3269 2499 nu·-

275 2524 477 2593 meris
510 2575 533 2610 ‚
607 2521 716 2592 sed
770 2524 988 2595 soluta
1035 2528 1360 2598 liberius.
1437 2528 1622 2597 Nihil
1675 2529 1921 2595 iratum
1975 2534 2171 2615 (37)
2230 2523 2462 2611 habet,
2514 2524 2679 2595 nihil
2730 2526 3037 2593 invidum
3076 2580 3098 2614 ,
3166 2531 3266 2597 ni-

273 2624 373 2693 hil
430 2640 667 2712 atrox,
720 2627 886 2696 nihil
939 2628 1280 2716 mirabile,
1331 2628 1496 2697 nihil
1549 2628 1880 2695 astutum:
1935 2626 2110 2693 casta
2151 2680 2171 2713 ‚
2228 2624 2601 2694 verecunda
2640 2678 2662 2711 ,
2730 2627 2927 2714 virgo
2978 2628 3271 2699 incorru-

275 2741 386 2815 pta
443 2728 732 2816 quodam
786 2728 1016 2797 modo.
1077 2734 1307 2820 Itaque
1358 2730 1568 2799 sermo
1611 2732 1834 2817 potius
1869 2778 1890 2813 ,
1939 2748 2142 2815 quam
2194 2728 2401 2795 oratio
2435 2778 2457 2813 ‚
2505 2725 2749 2795 dicitur
2786 2775 2803 2792 .
2861 2732 3269 2819 Qanquam

275 2826 457 2893 enim
509 2828 727 2895 omnis
782 2830 1036 2897 locutio
1083 2833 1296 2901 oratio
1327 2830 1474 2919 est,
1527 2848 1752 2897 tamen
1809 2828 2007 2907 unius
2057 2828 2335 2897 oratoris
2401 2826 2644 2897 locutio
2692 2827 2819 2896 hoc
2884 2832 3143 2918 proprio
3198 2830 3275 2899 si-

279 2942 488 3018 gnata
541 2929 812 2995 nomine
865 2928 992 3004 est„

373 3028 872 3117 sophistarum,
921 3032 1003 3099 de
1056 3029 1289 3121 quibus
1341 3030 1534 3123 supra
1583 3032 1782 3119 dixi,
1851 3030 2066 3119 magis
2127 3028 2593 3118 distinguenda
2666 3027 3024 3097 fimilitudo
3094 3030 3275 3101 vide.

275 3146 438 3213 tur,
491 3131 602 3217 qui
652 3150 894 3197 omnes
943 3130 1204 3200 eosdem
1257 3136 1496 3204 volunt
1551 3134 1756 3200 flores
1795 3183 1816 3218 ‚
1865 3153 2028 3221 quos
2081 3128 2338 3200 adhibet
2392 3147 2617 3198 orator
2664 3130 2733 3200 in
2788 3131 2999 3200 caulis
3036 3186 3055 3220 ‚
3132 3154 3274 3222 per-

277 3229 496 3318 sequi.
553 3228 676 3298 Sed
731 3228 856 3296 hoe
905 3227 1264 3316 differunt„
1311 3235 1490 3319 quod
1543 3251 1701 3298 cum
1757 3231 1832 3297 fir
1883 3235 1997 3298 his
2049 3231 2452 3316 propositum
2500 3252 2634 3300 non
2688 3231 3077 3316 perturbare
3128 3237 3273 3301 ani-

275 3351 472 3416 mos,
526 3323 636 3393 sed
687 3329 950 3414 placare
993 3331 1258 3417 potin-s,
1308 3348 1426 3400 nec
1482 3347 1620 3402 tam
1673 3327 2052 3416 persuadere
2091 3379 2112 3414 ,
2163 3347 2369 3424 quam
2421 3327 2743 3394 delestare
2776 3353 2799 3390 z
2858 3330 2927 3396 δε
2984 3333 3275 3419 apertius

483 3431 659 3496 Tom.
712 3437 768 3496 1.
2254 3431 2315 3493 C
2366 3448 2403 3494 c
2456 3447 2493 3498 c
3098 3431 3170 3496 id

277 3655 3252 3730 π

354 3855 384 3916 (
403 3867 475 3928 36
493 3861 530 3933 )ι
581 3855 900 3927 Aristoteles
956 3853 1250 3926 Isocratem
1287 3853 1462 3938 ipsum
1517 3853 1722 3928 lae-effi-

279 3926 420 3992 τήν)
456 3928 664 4005 Cicero
699 3927 768 3986 de
805 3929 971 3994 Ont-
1009 3932 1124 3988 111.
1165 3947 1255 4005 35.
1309 3931 1382 3986 {ic
1433 3927 1504 3985 de
1539 3928 1722 3985 eadem

277 4001 387 4060 (sut
427 3996 690 4064 Videtur)
729 4019 791 4057 re
829 3998 1069 4072 loquitur
1113 4022 1128 4056 ε
1185 3997 1502 4069 Arestoteles
1536 4040 1554 4064 ‚
1591 4019 1724 4058 cum

277 4065 468 4133 florere
511 4065 808 4140 Isocratem
845 4072 1140 4127 nobilitate
1190 4070 1582 4142 discipulorum
1625 4075 1719 4128 vi-

280 4139 436 4196 deret
474 4179 490 4195 .
526 4179 544 4196 .
567 4179 597 4202 ,.
635 4179 652 4196 .
689 4146 956 4202 mutavit
991 4155 1202 4215 repente
1231 4155 1426 4200 totam
1480 4139 1722 4211 formam

273 4221 434 4284 prope
469 4209 762 4285 discipline
789 4209 896 4283 sua
935 4253 950 4268 .
989 4253 1004 4270 .
1045 4253 1060 4268 .
1101 4253 1116 4270 .
1151 4222 1352 4289 Itaque
1382 4219 1615 4272 ornavit
1652 4211 1722 4280 ό·

279 4282 602 4352 illustravit
627 4283 934 4343 dodanam
971 4285 1139 4342 illam
1177 4304 1390 4341 onmem
1403 4287 1452 4353 j,
1508 4305 1722 4341 rerum-

277 4373 390 4429 que
423 4360 787 4424 cognitionem
825 4375 952 4412 cum
1005 4359 1272 4412 orationis
1326 4359 1724 4412 exercitatione

281 4431 611 4496 conjunxit.
651 4433 728 4486 Et
766 4427 824 4484 in
860 4424 1080 4490 Tuscul.
1131 4429 1194 4485 1..
1229 4449 1282 4496 4·
1337 4443 1409 4485 nt
1444 4423 1720 4496 ,ἀναβοη-

279 4497 364 4555 les
403 4537 416 4554 .
455 4536 473 4552 .
503 4537 520 4554 .
562 4539 580 4556 .
630 4519 757 4557 cum
793 4514 977 4556 motus
1015 4495 1130 4570 fft
1184 4495 1436 4569 Isocratis
1488 4495 1718 4554 rhetoris

281 4571 496 4640 gloria,
533 4571 706 4628 dicere
743 4577 914 4628 etiam
957 4575 1116 4644 coepit
1151 4565 1510 4636 adolescentes
1554 4569 1721 4649 ‚doce-

282 4661 376 4700 te.
413 4646 500 4698 Ex
539 4641 626 4698 his
661 4641 865 4700 duobus
899 4643 1032 4700 locis
1067 4640 1210 4700 mihi
1249 4639 1469 4699 videtur
1503 4639 1598 4699 hic
1639 4641 1721 4697 le-

282 4712 522 4784 gendum
556 4711 661 4770 esse
675 4753 692 4778 ,
731 4713 1085 4792 ‘Aristotelem
1119 4709 1377 4784 Isomms
1414 4709 1591 4786 spsum
1629 4713 1723 4768 la-

285 4782 520 4855 ceffivit.
560 4787 804 4842 Petreius
825 4822 841 4839 .

363 4861 393 4918 (
414 4858 488 4920 ⁴¹)
523 4865 595 4912 Et
629 4859 974 4934 gravitate)
1009 4855 1300 4917 Lambinus
1335 4877 1440 4918 una
1481 4877 1618 4918 voce
1633 4875 1724 4915 au·-

286 4922 432 4982 etio:
453 4965 472 4990 ‚
503 4923 578 4992 <5-
601 4925 904 4996 sua-vitate
921 4967 942 4994 ‚
978 4925 1392 4998 &gr-avitare.
1429 4929 1618 4990 Velim
1651 4949 1729 5004 ex!

287 4993 415 5056 Mn:
458 4995 612 5056 Utut
646 4995 759 5066 est,
798 5017 921 5054 non
952 4995 1218 5072 displicet
1259 4999 1419 5059 sane.

1821 3853 2064 3913 concitet
2099 3853 2342 3914 audienti
2376 3876 2393 3911 ε
2434 3849 2581 3910 nihil
2624 3851 2873 3910 invidum
2907 3894 2924 3920 ,
2984 3853 3129 3926 quod
3171 3853 3266 3912 in-

1827 3927 2031 3992 vidiam
2067 3945 2323 3985 moveat.-
2364 3923 2513 3982 nihil
2550 3942 2710 3982 atrox
2739 3963 2758 3989 ‚
2788 3923 2935 3996 quod
2974 3944 3263 3996 exaggeret

1830 3997 2063 4058 facinus:
2106 3995 2258 4056 nihil
2295 3996 2541 4054 mirabile
2564 4037 2582 4061 ‚
2614 3996 2761 4068 quod
2799 3996 3046 4053 audienti
3084 3993 3266 4055 afferat

1823 4071 2096 4142 stuporem
2132 4092 2148 4128 ε
2215 4068 2365 4130 nihil
2403 4066 2667 4134 astutum,
2703 4066 2847 4138 quod
2886 4087 2940 4124 ca
2988 4067 3059 4124 iat
3098 4065 3273 4127 fallat-

1821 4161 1925 4214 que
1977 4139 2397 4214 disceptatorem
2434 4164 2453 4196 .-
2510 4136 2605 4196 sed
2661 4139 2735 4194 est
2772 4137 2903 4194 casta
2960 4159 3055 4196 ine
3091 4159 3271 4220 popu·

1822 4213 2019 4271 larium
2057 4213 2387 4288 opinionum
2424 4211 2733 4283 corruptela
2775 4249 2793 4276 ,
2846 4207 3019 4270 custos
3060 4229 3271 4268 verita-

1825 4285 1894 4342 tis
1931 4283 2078 4342 illius
2119 4284 2370 4342 naturalis
2403 4324 2422 4349 ‚
2484 4282 2645 4352 virgo
2683 4283 3002 4360 incorrupta
3042 4285 3273 4353 quodam

1821 4353 1991 4412 modo
2029 4395 2046 4421 ,
2101 4353 2330 4426 fimplex
2387 4352 2565 4412 oratio
2594 4395 2612 4419 ‚
2638 4351 3006 4434 ‘integerrima
3046 4355 3271 4412 virtutis

1823 4425 1953 4482 inda
1989 4424 2129 4482 atrix
2151 4465 2168 4481 .
2206 4423 2402 4484 Intelli
2442 4444 2471 4481 e
2509 4441 2819 4484 orationem
2844 4425 3085 4484 Platonis
3108 4467 3127 4492 ‚
3158 4429 3273 4486 Xe-

1823 4517 1937 4568 nop
1987 4495 2170 4562 ontis,
2208 4495 2407 4568 Theop
2456 4493 2621 4562 rasti,
2658 4495 3103 4566 &optimorum,
3146 4517 3299 4556 non·

1823 4567 2059 4647 istorum·
2123 4568 2181 4624 ui
2219 4565 2274 4646 ξε
2315 4585 2515 4647 vocent
2554 4563 2961 4696 Phil0s0fh052
3001 4588 3122 4628 cum
3164 4567 3271 4627 sint

1824 4658 2006 4698 tamen
2045 4657 2106 4696 in
2129 4635 2389 4696 mummi
2422 4676 2441 4697 .
2476 4639 2687 4698 Oratio
2742 4658 2770 4696 e
2796 4642 3052 4714 oquentis
3110 4639 3277 4698 iuvi-

1822 4709 1916 4771 det
1937 4753 1955 4777 ,
1991 4711 2248 4768 atrociter
2288 4710 2506 4778 adauget
2542 4751 2559 4777 ,
2592 4708 2981 4771 admirationes
3020 4709 3275 4777 inducit,

1821 4783 2116 4845 nolentem
2156 4780 2324 4854 trahit
2355 4823 2370 4847 ,
2401 4779 2457 4839 se
2490 4780 2804 4842 commiscet
2844 4783 3095 4856 populari
3134 4802 3272 4840 con-

1825 4856 2040 4928 tagione
2069 4897 2088 4924 ‚
2117 4873 2176 4913 ut
2214 4855 2281 4912 :td
2318 4853 2599 4914 sanitatem
2637 4854 2853 4913 reducat
2897 4877 2913 4914 ε
2974 4853 3139 4911 audax
3196 4853 3277 4910 ir-

1829 4927 2036 4999 rumpit
2075 4968 2095 4993 ,
2151 4931 2209 4984 δι
2270 4945 2517 5000 tanquam
2580 4927 2768 4998 virago
2829 4929 2881 4982 δι
2913 4930 3277 5004 ‘Amazonum

1832 4995 2114 5058 fortiffima
2163 4997 2369 5056 aditum
2426 4997 2633 5071 rumpit
2679 5039 2697 5066 ,
2760 5013 3053 5070 quaeritque
3105 4995 3282 5056 vifto—

281 5077 306 5144 ἰ,
361 5073 391 5133 ί
415 5073 524 5144 37)
563 5069 724 5131 Nihil
759 5075 973 5130 aratum
1013 5077 1042 5141 )
1094 5072 1165 5134 Id
1199 5069 1280 5140 est
1315 5115 1334 5144 ‚
1387 5071 1534 5148 quod
1597 5071 1728 5134 iram
1829 5073 1994 5132 riam.
2031 5069 2323 5132 strenus.
