<?xml version="1.0" encoding="UTF-8"?>
<!DOCTYPE html PUBLIC "-//W3C//DTD XHTML 1.0 Transitional//EN"
    "http://www.w3.org/TR/xhtml1/DTD/xhtml1-transitional.dtd">
<html xmlns="http://www.w3.org/1999/xhtml" xml:lang="en" lang="en">
 <head>
  <title>
</title>
<meta http-equiv="Content-Type" content="text/html;charset=utf-8" />
  <meta name='ocr-system' content='tesseract 3.04.00' />
  <meta name='ocr-capabilities' content='ocr_page ocr_carea ocr_par ocr_line ocrx_word'/>
</head>
<body>
  <div class='ocr_page' id='page_1' title='image "./operacumdelectu00dgoog_0202.png"; bbox 0 0 4359 6321; ppageno 0'>
   <div class='ocr_carea' id='block_1_1' title="bbox 1255 446 3228 555">
    <p class='ocr_par' dir='ltr' id='par_1_1' title="bbox 1255 446 3228 555">
     <span class='ocr_line' id='line_1_1' title="bbox 1255 446 3228 555; baseline -0.009 1"><span class='ocrx_word' id='word_1_1' title='bbox 1255 456 1435 555; x_wconf 85' lang='lat'>180</span> <span class='ocrx_word' id='word_1_2' title='bbox 1935 449 2168 542; x_wconf 86' lang='lat' dir='ltr'>DE</span> <span class='ocrx_word' id='word_1_3' title='bbox 2283 446 3228 539; x_wconf 79' lang='lat' dir='ltr'><em>ORATORE</em></span> 
     </span>
    </p>
   </div>
   <div class='ocr_carea' id='block_1_2' title="bbox 1107 562 4121 3998">
    <p class='ocr_par' dir='ltr' id='par_1_2' title="bbox 1108 562 4117 857">
     <span class='ocr_line' id='line_1_2' title="bbox 1113 562 4111 657; baseline -0.006 -7"><span class='ocrx_word' id='word_1_4' title='bbox 1113 586 1185 657; x_wconf 81' lang='lat'>&amp;</span> <span class='ocrx_word' id='word_1_5' title='bbox 1262 578 1592 650; x_wconf 73' lang='lat' dir='ltr'>sententiis</span> <span class='ocrx_word' id='word_1_6' title='bbox 1631 626 1646 647; x_wconf 87' lang='lat'><strong>.</strong></span> <span class='ocrx_word' id='word_1_7' title='bbox 1719 574 1827 643; x_wconf 76' lang='lat' dir='ltr'>Eae</span> <span class='ocrx_word' id='word_1_8' title='bbox 1897 574 1967 642; x_wconf 81' lang='lat' dir='ltr'>vi</span> <span class='ocrx_word' id='word_1_9' title='bbox 2039 564 2155 638; x_wconf 77' lang='lat' dir='ltr'>sua</span> <span class='ocrx_word' id='word_1_10' title='bbox 2222 566 2419 637; x_wconf 79' lang='lat' dir='ltr'>verba</span> <span class='ocrx_word' id='word_1_11' title='bbox 2490 568 2745 656; x_wconf 86' lang='lat' dir='ltr'>parient</span> <span class='ocrx_word' id='word_1_12' title='bbox 2780 621 2801 653; x_wconf 85' lang='lat'>‚</span> <span class='ocrx_word' id='word_1_13' title='bbox 2869 591 3010 657; x_wconf 71' lang='lat' dir='ltr'>qux</span> <span class='ocrx_word' id='word_1_14' title='bbox 3105 567 3357 657; x_wconf 86' lang='lat' dir='ltr'>sempe-t·</span> <span class='ocrx_word' id='word_1_15' title='bbox 3430 562 3594 634; x_wconf 84' lang='lat' dir='ltr'>satis·</span> <span class='ocrx_word' id='word_1_16' title='bbox 3672 578 3911 633; x_wconf 82' lang='lat' dir='ltr'>ornata</span> <span class='ocrx_word' id='word_1_17' title='bbox 3973 572 4111 642; x_wconf 71' lang='lat' dir='ltr'>‘mi-</span> 
     </span>
     <span class='ocr_line' id='line_1_3' title="bbox 1108 658 4117 772; baseline -0.005 -23"><span class='ocrx_word' id='word_1_18' title='bbox 1108 680 1516 772; x_wconf 82' lang='lat' dir='ltr'>hiquidem</span> <span class='ocrx_word' id='word_1_19' title='bbox 1593 676 1801 747; x_wconf 87' lang='lat' dir='ltr'>videri</span> <span class='ocrx_word' id='word_1_20' title='bbox 1871 672 2138 759; x_wconf 81' lang='lat' dir='ltr'>solent,</span> <span class='ocrx_word' id='word_1_21' title='bbox 2212 668 2263 738; x_wconf 84' lang='lat' dir='ltr'><strong>fi</strong></span> <span class='ocrx_word' id='word_1_22' title='bbox 2330 658 2653 750; x_wconf 78' lang='lat' dir='ltr'>eiusmodi</span> <span class='ocrx_word' id='word_1_23' title='bbox 2744 666 2894 741; x_wconf 87' lang='lat' dir='ltr'>sunt</span> <span class='ocrx_word' id='word_1_24' title='bbox 2950 722 2970 760; x_wconf 86' lang='lat'><strong>,</strong></span> <span class='ocrx_word' id='word_1_25' title='bbox 3056 685 3131 745; x_wconf 87' lang='lat' dir='ltr'>ut</span> <span class='ocrx_word' id='word_1_26' title='bbox 3220 690 3299 740; x_wconf 90' lang='lat' dir='ltr'>ea</span> <span class='ocrx_word' id='word_1_27' title='bbox 3392 688 3493 739; x_wconf 85' lang='lat' dir='ltr'>res</span> <span class='ocrx_word' id='word_1_28' title='bbox 3578 665 3715 757; x_wconf 88' lang='lat' dir='ltr'>ipsa</span> <span class='ocrx_word' id='word_1_29' title='bbox 3804 674 4117 761; x_wconf 54' lang='lat' dir='ltr'>peperi&amp;</span> 
     </span>
     <span class='ocr_line' id='line_1_4' title="bbox 1110 777 3973 857; baseline -0.003 0"><span class='ocrx_word' id='word_1_30' title='bbox 1110 782 1450 857; x_wconf 81' lang='lat' dir='ltr'>videatur.</span> <span class='ocrx_word' id='word_1_31' title='bbox 2840 824 2847 831; x_wconf 81' lang='lat'><strong>·</strong></span> <span class='ocrx_word' id='word_1_32' title='bbox 3534 780 3547 793; x_wconf 85' lang='lat'><strong><em>‘</em></strong></span> <span class='ocrx_word' id='word_1_33' title='bbox 3967 777 3973 787; x_wconf 84' lang='lat'><em>&#39;</em></span> 
     </span>
    </p>

    <p class='ocr_par' dir='ltr' id='par_1_3' title="bbox 1111 869 4113 2189">
     <span class='ocr_line' id='line_1_5' title="bbox 1215 869 4112 971; baseline -0.002 -18"><span class='ocrx_word' id='word_1_34' title='bbox 1215 890 1362 968; x_wconf 85' lang='lat' dir='ltr'>Ac,</span> <span class='ocrx_word' id='word_1_35' title='bbox 1416 880 1464 949; x_wconf 86' lang='lat' dir='ltr'><strong>fi</strong></span> <span class='ocrx_word' id='word_1_36' title='bbox 1517 898 1754 949; x_wconf 89' lang='lat' dir='ltr'>verum</span> <span class='ocrx_word' id='word_1_37' title='bbox 1803 878 2090 971; x_wconf 79' lang='lat' dir='ltr'>quaeritis</span> <span class='ocrx_word' id='word_1_38' title='bbox 2131 925 2152 961; x_wconf 91' lang='lat'>,</span> <span class='ocrx_word' id='word_1_39' title='bbox 2198 871 2377 965; x_wconf 82' lang='lat' dir='ltr'>quod</span> <span class='ocrx_word' id='word_1_40' title='bbox 2429 870 2598 939; x_wconf 87' lang='lat' dir='ltr'>mihi</span> <span class='ocrx_word' id='word_1_41' title='bbox 2650 870 2921 964; x_wconf 89' lang='lat' dir='ltr'>quidem</span> <span class='ocrx_word' id='word_1_42' title='bbox 2974 869 3271 940; x_wconf 82' lang='lat' dir='ltr'>videatur</span> <span class='ocrx_word' id='word_1_43' title='bbox 3312 928 3331 960; x_wconf 89' lang='lat'>‚</span> <span class='ocrx_word' id='word_1_44' title='bbox 3384 882 3411 962; x_wconf 91' lang='lat'>(</span> <span class='ocrx_word' id='word_1_45' title='bbox 3468 871 3635 942; x_wconf 86' lang='lat' dir='ltr'>nihil</span> <span class='ocrx_word' id='word_1_46' title='bbox 3689 873 3877 943; x_wconf 84' lang='lat' dir='ltr'>enim</span> <span class='ocrx_word' id='word_1_47' title='bbox 3926 877 4112 947; x_wconf 81' lang='lat' dir='ltr'>aliud</span> 
     </span>
     <span class='ocr_line' id='line_1_6' title="bbox 1119 971 4109 1071; baseline -0.004 -20"><span class='ocrx_word' id='word_1_48' title='bbox 1119 989 1446 1055; x_wconf 84' lang='lat' dir='ltr'>affirmare</span> <span class='ocrx_word' id='word_1_49' title='bbox 1500 982 1804 1071; x_wconf 66' lang='lat' dir='ltr'>pofl‘um3</span> <span class='ocrx_word' id='word_1_50' title='bbox 1873 978 1996 1055; x_wconf 74' lang='lat' dir='ltr'>nisi</span> <span class='ocrx_word' id='word_1_51' title='bbox 2049 974 2439 1045; x_wconf 83' lang='lat' dir='ltr'>sententiam</span> <span class='ocrx_word' id='word_1_52' title='bbox 2478 1028 2499 1061; x_wconf 89' lang='lat'>‚</span> <span class='ocrx_word' id='word_1_53' title='bbox 2564 974 2637 1042; x_wconf 76' lang='grc' dir='ltr'>δε</span> <span class='ocrx_word' id='word_1_54' title='bbox 2711 971 3090 1061; x_wconf 82' lang='lat' dir='ltr'>opinionem</span> <span class='ocrx_word' id='word_1_55' title='bbox 3160 994 3381 1043; x_wconf 86' lang='lat' dir='ltr'>meam</span> <span class='ocrx_word' id='word_1_56' title='bbox 3433 973 3463 1051; x_wconf 92' lang='lat'>)</span> <span class='ocrx_word' id='word_1_57' title='bbox 3532 975 3659 1043; x_wconf 87' lang='lat' dir='ltr'>hoc</span> <span class='ocrx_word' id='word_1_58' title='bbox 3714 974 4109 1050; x_wconf 73' lang='lat' dir='ltr'>instrumen-</span> 
     </span>
     <span class='ocr_line' id='line_1_7' title="bbox 1120 1072 4113 1171; baseline -0.004 -16"><span class='ocrx_word' id='word_1_59' title='bbox 1120 1106 1269 1155; x_wconf 86' lang='lat' dir='ltr'>tum</span> <span class='ocrx_word' id='word_1_60' title='bbox 1320 1084 1672 1154; x_wconf 87' lang='lat' dir='ltr'>causarum</span> <span class='ocrx_word' id='word_1_61' title='bbox 1745 1084 1814 1152; x_wconf 86' lang='lat'>&amp;</span> <span class='ocrx_word' id='word_1_62' title='bbox 1889 1072 2727 1171; x_wconf 84' lang='lat' dir='ltr'>generum-universorum</span> <span class='ocrx_word' id='word_1_63' title='bbox 2798 1079 2867 1144; x_wconf 89' lang='lat' dir='ltr'>in</span> <span class='ocrx_word' id='word_1_64' title='bbox 2918 1075 3161 1147; x_wconf 45' lang='lat' dir='ltr'>‘forum</span> <span class='ocrx_word' id='word_1_65' title='bbox 3211 1076 3464 1144; x_wconf 79' lang='lat' dir='ltr'>deferre</span> <span class='ocrx_word' id='word_1_66' title='bbox 3533 1074 3853 1147; x_wconf 83' lang='lat' dir='ltr'>debemus</span> <span class='ocrx_word' id='word_1_67' title='bbox 3898 1134 3918 1169; x_wconf 84' lang='lat'>,</span> <span class='ocrx_word' id='word_1_68' title='bbox 3996 1102 4113 1153; x_wconf 81' lang='lat' dir='ltr'>ne.</span> 
     </span>
     <span class='ocr_line' id='line_1_8' title="bbox 1116 1176 4111 1280; baseline -0.001 -23"><span class='ocrx_word' id='word_1_69' title='bbox 1116 1210 1245 1280; x_wconf 87' lang='lat' dir='ltr'>que</span> <span class='ocrx_word' id='word_1_70' title='bbox 1281 1240 1300 1272; x_wconf 86' lang='lat'>‚</span> <span class='ocrx_word' id='word_1_71' title='bbox 1375 1203 1449 1257; x_wconf 90' lang='lat' dir='ltr'>ut</span> <span class='ocrx_word' id='word_1_72' title='bbox 1523 1204 1794 1277; x_wconf 81' lang='lat' dir='ltr'>quaeque</span> <span class='ocrx_word' id='word_1_73' title='bbox 1843 1204 1946 1251; x_wconf 87' lang='lat' dir='ltr'>res</span> <span class='ocrx_word' id='word_1_74' title='bbox 1999 1180 2217 1251; x_wconf 86' lang='lat' dir='ltr'>delata</span> <span class='ocrx_word' id='word_1_75' title='bbox 2270 1176 2353 1252; x_wconf 86' lang='lat' dir='ltr'>ad</span> <span class='ocrx_word' id='word_1_76' title='bbox 2408 1192 2529 1244; x_wconf 86' lang='lat' dir='ltr'>nos</span> <span class='ocrx_word' id='word_1_77' title='bbox 2578 1176 2701 1246; x_wconf 88' lang='lat' dir='ltr'>erit</span> <span class='ocrx_word' id='word_1_78' title='bbox 2734 1228 2755 1263; x_wconf 84' lang='lat'>‚</span> <span class='ocrx_word' id='word_1_79' title='bbox 2820 1188 2966 1244; x_wconf 87' lang='lat' dir='ltr'>tum</span> <span class='ocrx_word' id='word_1_80' title='bbox 3032 1177 3314 1270; x_wconf 87' lang='lat' dir='ltr'>denique</span> <span class='ocrx_word' id='word_1_81' title='bbox 3367 1176 3643 1246; x_wconf 89' lang='lat' dir='ltr'>scrutari</span> <span class='ocrx_word' id='word_1_82' title='bbox 3713 1180 3891 1251; x_wconf 87' lang='lat' dir='ltr'>locos</span> <span class='ocrx_word' id='word_1_83' title='bbox 3930 1237 3954 1271; x_wconf 88' lang='lat'>‚</span> <span class='ocrx_word' id='word_1_84' title='bbox 4018 1204 4111 1253; x_wconf 82' lang='lat' dir='ltr'>ex</span> 
     </span>
     <span class='ocr_line' id='line_1_9' title="bbox 1115 1277 4106 1379; baseline -0.001 -23"><span class='ocrx_word' id='word_1_85' title='bbox 1115 1286 1354 1379; x_wconf 85' lang='lat' dir='ltr'>quibus</span> <span class='ocrx_word' id='word_1_86' title='bbox 1413 1295 1810 1379; x_wconf 76' lang='lat' dir='ltr'>argumenta·</span> <span class='ocrx_word' id='word_1_87' title='bbox 1857 1302 2178 1353; x_wconf 86' lang='lat' dir='ltr'><strong>eruamus</strong></span> <span class='ocrx_word' id='word_1_88' title='bbox 2218 1305 2233 1345; x_wconf 75' lang='grc' dir='ltr'><strong><em>ε</em></strong></span> <span class='ocrx_word' id='word_1_89' title='bbox 2285 1302 2432 1370; x_wconf 83' lang='lat' dir='ltr'>quae</span> <span class='ocrx_word' id='word_1_90' title='bbox 2482 1277 2748 1367; x_wconf 87' lang='lat' dir='ltr'>quidem</span> <span class='ocrx_word' id='word_1_91' title='bbox 2788 1278 3147 1367; x_wconf 87' lang='lat' dir='ltr'>omnibus,</span> <span class='ocrx_word' id='word_1_92' title='bbox 3196 1282 3315 1369; x_wconf 87' lang='lat' dir='ltr'>qui</span> <span class='ocrx_word' id='word_1_93' title='bbox 3364 1299 3439 1347; x_wconf 88' lang='lat' dir='ltr'>ea</span> <span class='ocrx_word' id='word_1_94' title='bbox 3490 1281 3909 1353; x_wconf 80' lang='lat' dir='ltr'>mediocriter</span> <span class='ocrx_word' id='word_1_95' title='bbox 3958 1306 4106 1353; x_wconf 88' lang='lat' dir='ltr'>mo-</span> 
     </span>
     <span class='ocr_line' id='line_1_10' title="bbox 1111 1380 4107 1473; baseline 0 -17"><span class='ocrx_word' id='word_1_96' title='bbox 1111 1389 1196 1457; x_wconf 88' lang='lat' dir='ltr'>do</span> <span class='ocrx_word' id='word_1_97' title='bbox 1247 1388 1770 1473; x_wconf 62' lang='lat' dir='ltr'>confiderarint3</span> <span class='ocrx_word' id='word_1_98' title='bbox 1821 1384 2032 1453; x_wconf 82' lang='lat' dir='ltr'>studio</span> <span class='ocrx_word' id='word_1_99' title='bbox 2081 1380 2371 1452; x_wconf 85' lang='lat' dir='ltr'>adhibito</span> <span class='ocrx_word' id='word_1_100' title='bbox 2429 1382 2499 1450; x_wconf 89' lang='lat'>&amp;</span> <span class='ocrx_word' id='word_1_101' title='bbox 2561 1380 2681 1450; x_wconf 86' lang='lat' dir='ltr'>usu</span> <span class='ocrx_word' id='word_1_102' title='bbox 2733 1381 3120 1468; x_wconf 71' lang='lat' dir='ltr'>pertrastata</span> <span class='ocrx_word' id='word_1_103' title='bbox 3174 1382 3295 1449; x_wconf 80' lang='lat' dir='ltr'>effe</span> <span class='ocrx_word' id='word_1_104' title='bbox 3344 1380 3599 1470; x_wconf 84' lang='lat' dir='ltr'>poffunt</span> <span class='ocrx_word' id='word_1_105' title='bbox 3636 1407 3659 1446; x_wconf 87' lang='lat'>.-</span> <span class='ocrx_word' id='word_1_106' title='bbox 3720 1382 3827 1453; x_wconf 89' lang='lat' dir='ltr'>sed</span> <span class='ocrx_word' id='word_1_107' title='bbox 3884 1402 4107 1457; x_wconf 84' lang='lat' dir='ltr'>tamen</span> 
     </span>
     <span class='ocr_line' id='line_1_11' title="bbox 1113 1482 4108 1578; baseline -0.001 -20"><span class='ocrx_word' id='word_1_108' title='bbox 1113 1492 1386 1559; x_wconf 81' lang='lat' dir='ltr'>animus</span> <span class='ocrx_word' id='word_1_109' title='bbox 1438 1489 1812 1559; x_wconf 85' lang='lat' dir='ltr'>referendus</span> <span class='ocrx_word' id='word_1_110' title='bbox 1863 1486 1954 1554; x_wconf 88' lang='lat' dir='ltr'>est</span> <span class='ocrx_word' id='word_1_111' title='bbox 2004 1484 2086 1552; x_wconf 88' lang='lat' dir='ltr'>ad</span> <span class='ocrx_word' id='word_1_112' title='bbox 2134 1505 2213 1552; x_wconf 88' lang='lat' dir='ltr'>ea</span> <span class='ocrx_word' id='word_1_113' title='bbox 2261 1483 2479 1573; x_wconf 84' lang='lat' dir='ltr'>capita</span> <span class='ocrx_word' id='word_1_114' title='bbox 2519 1534 2540 1568; x_wconf 86' lang='lat'><strong>,</strong></span> <span class='ocrx_word' id='word_1_115' title='bbox 2614 1484 2685 1551; x_wconf 86' lang='lat'>&amp;</span> <span class='ocrx_word' id='word_1_116' title='bbox 2756 1482 2839 1551; x_wconf 88' lang='lat' dir='ltr'>ad</span> <span class='ocrx_word' id='word_1_117' title='bbox 2892 1484 3045 1555; x_wconf 86' lang='lat' dir='ltr'>illos</span> <span class='ocrx_word' id='word_1_118' title='bbox 3083 1538 3103 1570; x_wconf 92' lang='lat'>,</span> <span class='ocrx_word' id='word_1_119' title='bbox 3175 1504 3339 1573; x_wconf 81' lang='lat' dir='ltr'>qnos</span> <span class='ocrx_word' id='word_1_120' title='bbox 3395 1482 3551 1571; x_wconf 85' lang='lat' dir='ltr'>saepe</span> <span class='ocrx_word' id='word_1_121' title='bbox 3609 1484 3742 1561; x_wconf 79' lang='lat' dir='ltr'>iarn</span> <span class='ocrx_word' id='word_1_122' title='bbox 3822 1489 4108 1578; x_wconf 89' lang='lat' dir='ltr'>appella-</span> 
     </span>
     <span class='ocr_line' id='line_1_12' title="bbox 1115 1584 4109 1679; baseline -0 -20"><span class='ocrx_word' id='word_1_123' title='bbox 1115 1594 1225 1677; x_wconf 85' lang='lat' dir='ltr'>vi,</span> <span class='ocrx_word' id='word_1_124' title='bbox 1277 1593 1458 1659; x_wconf 90' lang='lat' dir='ltr'>locos</span> <span class='ocrx_word' id='word_1_125' title='bbox 1500 1641 1522 1677; x_wconf 91' lang='lat'>,</span> <span class='ocrx_word' id='word_1_126' title='bbox 1588 1610 1673 1655; x_wconf 84' lang='lat' dir='ltr'>ex</span> <span class='ocrx_word' id='word_1_127' title='bbox 1727 1586 1966 1679; x_wconf 86' lang='lat' dir='ltr'>quibus</span> <span class='ocrx_word' id='word_1_128' title='bbox 2015 1588 2239 1655; x_wconf 82' lang='lat' dir='ltr'>o&#39;mnia</span> <span class='ocrx_word' id='word_1_129' title='bbox 2294 1585 2373 1651; x_wconf 88' lang='lat' dir='ltr'>ad</span> <span class='ocrx_word' id='word_1_130' title='bbox 2424 1606 2696 1654; x_wconf 88' lang='lat' dir='ltr'>omnem</span> <span class='ocrx_word' id='word_1_131' title='bbox 2746 1585 3119 1654; x_wconf 86' lang='lat' dir='ltr'>orationem</span> <span class='ocrx_word' id='word_1_132' title='bbox 3188 1586 3463 1653; x_wconf 88' lang='lat' dir='ltr'>inventa</span> <span class='ocrx_word' id='word_1_133' title='bbox 3512 1584 3849 1657; x_wconf 85' lang='lat' dir='ltr'>ducuntur</span> <span class='ocrx_word' id='word_1_134' title='bbox 3889 1641 3906 1657; x_wconf 93' lang='lat'><strong>.</strong></span> <span class='ocrx_word' id='word_1_135' title='bbox 3983 1592 4109 1657; x_wconf 85' lang='lat' dir='ltr'>At-</span> 
     </span>
     <span class='ocr_line' id='line_1_13' title="bbox 1117 1684 4111 1781; baseline 0 -24"><span class='ocrx_word' id='word_1_136' title='bbox 1117 1710 1248 1781; x_wconf 84' lang='lat' dir='ltr'>que</span> <span class='ocrx_word' id='word_1_137' title='bbox 1299 1692 1423 1759; x_wconf 92' lang='lat' dir='ltr'>hoc</span> <span class='ocrx_word' id='word_1_138' title='bbox 1479 1704 1695 1757; x_wconf 86' lang='lat' dir='ltr'>totum</span> <span class='ocrx_word' id='word_1_139' title='bbox 1746 1691 1837 1759; x_wconf 92' lang='lat' dir='ltr'>est</span> <span class='ocrx_word' id='word_1_140' title='bbox 1889 1690 2024 1758; x_wconf 86' lang='lat' dir='ltr'>five</span> <span class='ocrx_word' id='word_1_141' title='bbox 2075 1691 2233 1756; x_wconf 87' lang='lat' dir='ltr'>artis</span> <span class='ocrx_word' id='word_1_142' title='bbox 2285 1684 2862 1755; x_wconf 77' lang='lat' dir='ltr'>animadversionis</span> <span class='ocrx_word' id='word_1_143' title='bbox 2902 1740 2921 1772; x_wconf 86' lang='lat'>‚</span> <span class='ocrx_word' id='word_1_144' title='bbox 2992 1686 3127 1755; x_wconf 80' lang='lat' dir='ltr'>five</span> <span class='ocrx_word' id='word_1_145' title='bbox 3176 1684 3669 1755; x_wconf 78' lang='lat' dir='ltr'>consuetudinis</span> <span class='ocrx_word' id='word_1_146' title='bbox 3704 1740 3725 1774; x_wconf 86' lang='lat'><strong>,</strong></span> <span class='ocrx_word' id='word_1_147' title='bbox 3778 1692 3951 1757; x_wconf 79' lang='lat' dir='ltr'>noffe</span> <span class='ocrx_word' id='word_1_148' title='bbox 4002 1712 4111 1758; x_wconf 85' lang='lat' dir='ltr'>re-</span> 
     </span>
     <span class='ocr_line' id='line_1_14' title="bbox 1115 1788 4111 1883; baseline 0 -24"><span class='ocrx_word' id='word_1_149' title='bbox 1115 1794 1350 1883; x_wconf 79' lang='lat' dir='ltr'>giones</span> <span class='ocrx_word' id='word_1_150' title='bbox 1391 1846 1412 1880; x_wconf 86' lang='lat'>‚</span> <span class='ocrx_word' id='word_1_151' title='bbox 1479 1802 1692 1879; x_wconf 84' lang='lat'>(49)</span> <span class='ocrx_word' id='word_1_152' title='bbox 1771 1792 1948 1858; x_wconf 88' lang='lat' dir='ltr'>intra</span> <span class='ocrx_word' id='word_1_153' title='bbox 2021 1812 2186 1880; x_wconf 84' lang='lat' dir='ltr'>quas</span> <span class='ocrx_word' id='word_1_154' title='bbox 2242 1791 2468 1858; x_wconf 88' lang='lat' dir='ltr'>venire</span> <span class='ocrx_word' id='word_1_155' title='bbox 2520 1788 2753 1857; x_wconf 85' lang='lat' dir='ltr'>debeas</span> <span class='ocrx_word' id='word_1_156' title='bbox 2807 1844 2829 1877; x_wconf 84' lang='lat'>‚</span> <span class='ocrx_word' id='word_1_157' title='bbox 2897 1806 2975 1857; x_wconf 86' lang='lat' dir='ltr'>ut</span> <span class='ocrx_word' id='word_1_158' title='bbox 3044 1788 3438 1876; x_wconf 83' lang='lat' dir='ltr'>pervestiges</span> <span class='ocrx_word' id='word_1_159' title='bbox 3530 1788 3703 1878; x_wconf 83' lang='lat' dir='ltr'>quod</span> <span class='ocrx_word' id='word_1_160' title='bbox 3772 1812 4029 1880; x_wconf 64' lang='lat' dir='ltr'>quaeras</span> <span class='ocrx_word' id='word_1_161' title='bbox 4089 1839 4111 1859; x_wconf 88' lang='lat'><strong>.</strong></span> 
     </span>
     <span class='ocr_line' id='line_1_15' title="bbox 1115 1886 4111 1981; baseline 0.001 -22"><span class='ocrx_word' id='word_1_162' title='bbox 1115 1904 1322 1981; x_wconf 80' lang='lat'><em>(50)</em></span> <span class='ocrx_word' id='word_1_163' title='bbox 1377 1886 1510 1965; x_wconf 83' lang='lat' dir='ltr'>Ubi</span> <span class='ocrx_word' id='word_1_164' title='bbox 1564 1916 1719 1963; x_wconf 86' lang='lat' dir='ltr'>eum</span> <span class='ocrx_word' id='word_1_165' title='bbox 1773 1894 2000 1962; x_wconf 88' lang='lat' dir='ltr'>locum</span> <span class='ocrx_word' id='word_1_166' title='bbox 2052 1914 2321 1960; x_wconf 84' lang='lat' dir='ltr'>ornnem</span> <span class='ocrx_word' id='word_1_167' title='bbox 2374 1892 2763 1979; x_wconf 83' lang='lat' dir='ltr'>cogitatione</span> <span class='ocrx_word' id='word_1_168' title='bbox 2818 1888 3083 1977; x_wconf 85' lang='lat' dir='ltr'>sepseris</span> <span class='ocrx_word' id='word_1_169' title='bbox 3139 1942 3160 1975; x_wconf 89' lang='lat'>,</span> <span class='ocrx_word' id='word_1_170' title='bbox 3236 1890 3283 1956; x_wconf 84' lang='lat' dir='ltr'><strong>fi</strong></span> <span class='ocrx_word' id='word_1_171' title='bbox 3351 1887 3555 1956; x_wconf 86' lang='lat' dir='ltr'>modo</span> <span class='ocrx_word' id='word_1_172' title='bbox 3624 1888 3824 1959; x_wconf 86' lang='lat' dir='ltr'>usum</span> <span class='ocrx_word' id='word_1_173' title='bbox 3875 1912 4111 1961; x_wconf 83' lang='lat' dir='ltr'>rerum</span> 
     </span>
     <span class='ocr_line' id='line_1_16' title="bbox 1113 1988 4107 2084; baseline 0.001 -23"><span class='ocrx_word' id='word_1_174' title='bbox 1113 1994 1532 2083; x_wconf 84' lang='lat' dir='ltr'>percallueris</span> <span class='ocrx_word' id='word_1_175' title='bbox 1574 2049 1594 2081; x_wconf 92' lang='lat'>,</span> <span class='ocrx_word' id='word_1_176' title='bbox 1647 1997 1810 2065; x_wconf 90' lang='lat' dir='ltr'>nihil</span> <span class='ocrx_word' id='word_1_177' title='bbox 1863 2014 1926 2064; x_wconf 90' lang='lat' dir='ltr'>te</span> <span class='ocrx_word' id='word_1_178' title='bbox 1975 1993 2250 2084; x_wconf 87' lang='lat' dir='ltr'>effugiet</span> <span class='ocrx_word' id='word_1_179' title='bbox 2290 2044 2313 2079; x_wconf 82' lang='lat'><strong>,</strong></span> <span class='ocrx_word' id='word_1_180' title='bbox 2362 2009 2557 2080; x_wconf 84' lang='lat' dir='ltr'>atque</span> <span class='ocrx_word' id='word_1_181' title='bbox 2604 2011 2807 2058; x_wconf 89' lang='lat' dir='ltr'>omne</span> <span class='ocrx_word' id='word_1_182' title='bbox 2862 1988 3043 2080; x_wconf 86' lang='lat' dir='ltr'>quod</span> <span class='ocrx_word' id='word_1_183' title='bbox 3095 1991 3219 2057; x_wconf 89' lang='lat' dir='ltr'>erit</span> <span class='ocrx_word' id='word_1_184' title='bbox 3300 1992 3367 2057; x_wconf 89' lang='lat' dir='ltr'>in</span> <span class='ocrx_word' id='word_1_185' title='bbox 3423 2010 3495 2057; x_wconf 80' lang='lat' dir='ltr'>re</span> <span class='ocrx_word' id='word_1_186' title='bbox 3533 2044 3553 2077; x_wconf 90' lang='lat'>,</span> <span class='ocrx_word' id='word_1_187' title='bbox 3640 2004 3944 2064; x_wconf 78' lang='lat' dir='ltr'>occurret</span> <span class='ocrx_word' id='word_1_188' title='bbox 4012 2012 4107 2063; x_wconf 87' lang='lat' dir='ltr'>at-</span> 
     </span>
     <span class='ocr_line' id='line_1_17' title="bbox 1113 2097 2829 2189; baseline -0.001 -26"><span class='ocrx_word' id='word_1_189' title='bbox 1113 2114 1245 2183; x_wconf 86' lang='lat' dir='ltr'>que</span> <span class='ocrx_word' id='word_1_190' title='bbox 1297 2097 1572 2189; x_wconf 42' lang='lat' dir='ltr'>incidet}</span> <span class='ocrx_word' id='word_1_191' title='bbox 2822 2152 2829 2161; x_wconf 87' lang='lat'><strong>.</strong></span> 
     </span>
    </p>

    <p class='ocr_par' dir='ltr' id='par_1_4' title="bbox 1107 2193 4121 3690">
     <span class='ocr_line' id='line_1_18' title="bbox 1213 2193 4107 2286; baseline 0.001 -25"><span class='ocrx_word' id='word_1_192' title='bbox 1213 2194 1504 2261; x_wconf 72' lang='lat' dir='ltr'><strong>xxxv:</strong></span> <span class='ocrx_word' id='word_1_193' title='bbox 1559 2197 1643 2260; x_wconf 90' lang='lat' dir='ltr'>Et</span> <span class='ocrx_word' id='word_1_194' title='bbox 1703 2194 1786 2262; x_wconf 85' lang='lat' dir='ltr'>fic</span> <span class='ocrx_word' id='word_1_195' title='bbox 1824 2249 1848 2283; x_wconf 86' lang='lat'>,</span> <span class='ocrx_word' id='word_1_196' title='bbox 1915 2198 2074 2265; x_wconf 82' lang='lat' dir='ltr'>&#39;cum</span> <span class='ocrx_word' id='word_1_197' title='bbox 2141 2194 2225 2262; x_wconf 86' lang='lat' dir='ltr'>ad</span> <span class='ocrx_word' id='word_1_198' title='bbox 2290 2196 2768 2265; x_wconf 88' lang='lat' dir='ltr'>inveniendum</span> <span class='ocrx_word' id='word_1_199' title='bbox 2838 2196 2909 2261; x_wconf 88' lang='lat' dir='ltr'>in</span> <span class='ocrx_word' id='word_1_200' title='bbox 2977 2193 3255 2265; x_wconf 86' lang='lat' dir='ltr'>dicendo</span> <span class='ocrx_word' id='word_1_201' title='bbox 3328 2193 3458 2260; x_wconf 88' lang='lat' dir='ltr'>tria</span> <span class='ocrx_word' id='word_1_202' title='bbox 3528 2193 3653 2262; x_wconf 75' lang='lat' dir='ltr'>sint</span> <span class='ocrx_word' id='word_1_203' title='bbox 3694 2224 3722 2286; x_wconf 70' lang='grc' dir='ltr'>ς·</span> <span class='ocrx_word' id='word_1_204' title='bbox 3772 2218 4107 2285; x_wconf 78' lang='lat' dir='ltr'>acumen,</span> 
     </span>
     <span class='ocr_line' id='line_1_19' title="bbox 1110 2294 4107 2389; baseline 0.001 -27"><span class='ocrx_word' id='word_1_205' title='bbox 1110 2294 1346 2362; x_wconf 84' lang='lat' dir='ltr'>deinde</span> <span class='ocrx_word' id='word_1_206' title='bbox 1397 2298 1607 2381; x_wconf 85' lang='lat' dir='ltr'>ratio,</span> <span class='ocrx_word' id='word_1_207' title='bbox 1658 2318 1861 2385; x_wconf 82' lang='lat' dir='ltr'>quam</span> <span class='ocrx_word' id='word_1_208' title='bbox 1917 2300 2065 2366; x_wconf 85' lang='lat' dir='ltr'>licet</span> <span class='ocrx_word' id='word_1_209' title='bbox 2119 2307 2146 2384; x_wconf 91' lang='lat'>(</span> <span class='ocrx_word' id='word_1_210' title='bbox 2191 2298 2239 2364; x_wconf 88' lang='lat' dir='ltr'>fi</span> <span class='ocrx_word' id='word_1_211' title='bbox 2292 2297 2603 2365; x_wconf 83' lang='lat' dir='ltr'>volumus</span> <span class='ocrx_word' id='word_1_212' title='bbox 2648 2306 2681 2381; x_wconf 85' lang='lat'><em>)</em></span> <span class='ocrx_word' id='word_1_213' title='bbox 2734 2294 3143 2383; x_wconf 78' lang='lat' dir='ltr'>appellemus</span> <span class='ocrx_word' id='word_1_214' title='bbox 3195 2313 3459 2381; x_wconf 77' lang='lat' dir='ltr'>artem,</span> <span class='ocrx_word' id='word_1_215' title='bbox 3509 2298 3775 2365; x_wconf 87' lang='lat' dir='ltr'>tertium</span> <span class='ocrx_word' id='word_1_216' title='bbox 3828 2298 4107 2389; x_wconf 65' lang='lat' dir='ltr'>diligen,-</span> 
     </span>
     <span class='ocr_line' id='line_1_20' title="bbox 1109 2393 4107 2489; baseline 0.002 -26"><span class='ocrx_word' id='word_1_217' title='bbox 1109 2398 1239 2463; x_wconf 89' lang='lat' dir='ltr'>tia:</span> <span class='ocrx_word' id='word_1_218' title='bbox 1293 2418 1429 2463; x_wconf 88' lang='lat' dir='ltr'>non</span> <span class='ocrx_word' id='word_1_219' title='bbox 1482 2397 1729 2486; x_wconf 77' lang='lat' dir='ltr'>possum</span> <span class='ocrx_word' id='word_1_220' title='bbox 1780 2401 2088 2488; x_wconf 79' lang='lat' dir='ltr'>equidem</span> <span class='ocrx_word' id='word_1_221' title='bbox 2145 2418 2279 2465; x_wconf 86' lang='lat' dir='ltr'>non</span> <span class='ocrx_word' id='word_1_222' title='bbox 2332 2400 2601 2485; x_wconf 83' lang='lat' dir='ltr'>ingenio</span> <span class='ocrx_word' id='word_1_223' title='bbox 2659 2398 2905 2483; x_wconf 86' lang='lat' dir='ltr'>primas</span> <span class='ocrx_word' id='word_1_224' title='bbox 2958 2396 3321 2465; x_wconf 86' lang='lat' dir='ltr'>concedere</span> <span class='ocrx_word' id='word_1_225' title='bbox 3364 2420 3382 2461; x_wconf 76' lang='lat' dir='ltr'>t</span> <span class='ocrx_word' id='word_1_226' title='bbox 3437 2393 3837 2469; x_wconf 48' lang='lat' dir='ltr'>sed*·*tamen</span> <span class='ocrx_word' id='word_1_227' title='bbox 3890 2400 4107 2489; x_wconf 87' lang='lat' dir='ltr'>ipsum</span> 
     </span>
     <span class='ocr_line' id='line_1_21' title="bbox 1110 2496 4109 2593; baseline 0.001 -26"><span class='ocrx_word' id='word_1_228' title='bbox 1110 2497 1458 2585; x_wconf 78' lang='lat' dir='ltr'>ingenium</span> <span class='ocrx_word' id='word_1_229' title='bbox 1529 2498 1869 2585; x_wconf 79' lang='lat' dir='ltr'>diligentia</span> <span class='ocrx_word' id='word_1_230' title='bbox 1939 2499 2139 2565; x_wconf 85' lang='lat' dir='ltr'>etiam</span> <span class='ocrx_word' id='word_1_231' title='bbox 2190 2519 2273 2563; x_wconf 84' lang='lat' dir='ltr'>ex</span> <span class='ocrx_word' id='word_1_232' title='bbox 2330 2498 2641 2564; x_wconf 83' lang='lat' dir='ltr'>tarditate</span> <span class='ocrx_word' id='word_1_233' title='bbox 2711 2497 2947 2565; x_wconf 90' lang='lat' dir='ltr'>incitat</span> <span class='ocrx_word' id='word_1_234' title='bbox 2986 2546 3005 2565; x_wconf 86' lang='lat'><strong>.</strong></span> <span class='ocrx_word' id='word_1_235' title='bbox 3080 2496 3443 2588; x_wconf 84' lang='lat' dir='ltr'>Diligentia</span> <span class='ocrx_word' id='word_1_236' title='bbox 3485 2552 3505 2585; x_wconf 88' lang='lat'><strong>‚</strong></span> <span class='ocrx_word' id='word_1_237' title='bbox 3580 2500 3898 2593; x_wconf 86' lang='lat' dir='ltr'>inquam,</span> <span class='ocrx_word' id='word_1_238' title='bbox 3944 2522 4109 2569; x_wconf 85' lang='lat' dir='ltr'>cum</span> 
     </span>
     <span class='ocr_line' id='line_1_22' title="bbox 1111 2594 4109 2693; baseline 0.003 -29"><span class='ocrx_word' id='word_1_239' title='bbox 1111 2594 1418 2664; x_wconf 87' lang='lat' dir='ltr'>omnibus</span> <span class='ocrx_word' id='word_1_240' title='bbox 1470 2595 1728 2682; x_wconf 84' lang='lat' dir='ltr'>rebus,</span> <span class='ocrx_word' id='word_1_241' title='bbox 1778 2616 1929 2665; x_wconf 88' lang='lat' dir='ltr'>turn</span> <span class='ocrx_word' id='word_1_242' title='bbox 1984 2600 2052 2665; x_wconf 87' lang='lat' dir='ltr'>in</span> <span class='ocrx_word' id='word_1_243' title='bbox 2105 2598 2314 2667; x_wconf 78' lang='lat' dir='ltr'>caulis</span> <span class='ocrx_word' id='word_1_244' title='bbox 2394 2596 2829 2667; x_wconf 79' lang='lat' dir='ltr'>defendendis</span> <span class='ocrx_word' id='word_1_245' title='bbox 2882 2599 3251 2687; x_wconf 85' lang='lat' dir='ltr'>plurimum</span> <span class='ocrx_word' id='word_1_246' title='bbox 3302 2600 3516 2669; x_wconf 85' lang='lat' dir='ltr'>valet.</span> <span class='ocrx_word' id='word_1_247' title='bbox 3574 2606 3735 2673; x_wconf 86' lang='lat' dir='ltr'>Haec</span> <span class='ocrx_word' id='word_1_248' title='bbox 3789 2604 4109 2693; x_wconf 77' lang='lat' dir='ltr'>praecipue</span> 
     </span>
     <span class='ocr_line' id='line_1_23' title="bbox 1107 2694 4113 2795; baseline 0.002 -32"><span class='ocrx_word' id='word_1_249' title='bbox 1107 2694 1398 2767; x_wconf 87' lang='lat' dir='ltr'>colenda</span> <span class='ocrx_word' id='word_1_250' title='bbox 1445 2696 1540 2763; x_wconf 89' lang='lat' dir='ltr'>est</span> <span class='ocrx_word' id='word_1_251' title='bbox 1589 2697 1827 2789; x_wconf 84' lang='lat' dir='ltr'>nobis;</span> <span class='ocrx_word' id='word_1_252' title='bbox 1881 2700 2020 2768; x_wconf 80' lang='lat' dir='ltr'>haec</span> <span class='ocrx_word' id='word_1_253' title='bbox 2077 2698 2325 2789; x_wconf 83' lang='lat' dir='ltr'>semper</span> <span class='ocrx_word' id='word_1_254' title='bbox 2380 2698 2749 2773; x_wconf 83' lang='lat' dir='ltr'>adhibenda</span> <span class='ocrx_word' id='word_1_255' title='bbox 2768 2728 2792 2786; x_wconf 84' lang='lat'>,-</span> <span class='ocrx_word' id='word_1_256' title='bbox 2848 2702 2985 2767; x_wconf 82' lang='lat' dir='ltr'>haec</span> <span class='ocrx_word' id='word_1_257' title='bbox 3041 2700 3207 2765; x_wconf 82' lang='lat' dir='ltr'>nihil</span> <span class='ocrx_word' id='word_1_258' title='bbox 3262 2699 3353 2764; x_wconf 89' lang='lat' dir='ltr'>est</span> <span class='ocrx_word' id='word_1_259' title='bbox 3404 2702 3575 2787; x_wconf 86' lang='lat' dir='ltr'>quod</span> <span class='ocrx_word' id='word_1_260' title='bbox 3629 2727 3765 2769; x_wconf 84' lang='lat' dir='ltr'>non</span> <span class='ocrx_word' id='word_1_261' title='bbox 3821 2706 4113 2795; x_wconf 77' lang='lat' dir='ltr'>affequa·</span> 
     </span>
     <span class='ocr_line' id='line_1_24' title="bbox 1116 2796 4117 2892; baseline -0.001 -29"><span class='ocrx_word' id='word_1_262' title='bbox 1116 2815 1260 2867; x_wconf 86' lang='lat' dir='ltr'>tur.</span> <span class='ocrx_word' id='word_1_263' title='bbox 1313 2796 1524 2865; x_wconf 81' lang='lat' dir='ltr'>Causa</span> <span class='ocrx_word' id='word_1_264' title='bbox 1579 2812 1655 2864; x_wconf 86' lang='lat' dir='ltr'>ut</span> <span class='ocrx_word' id='word_1_265' title='bbox 1708 2802 2015 2888; x_wconf 87' lang='lat' dir='ltr'>penitus,</span> <span class='ocrx_word' id='word_1_266' title='bbox 2068 2802 2242 2892; x_wconf 86' lang='lat' dir='ltr'>quod</span> <span class='ocrx_word' id='word_1_267' title='bbox 2294 2800 2479 2867; x_wconf 82' lang='lat' dir='ltr'>initio</span> <span class='ocrx_word' id='word_1_268' title='bbox 2527 2800 2667 2865; x_wconf 85' lang='lat' dir='ltr'>dixi</span> <span class='ocrx_word' id='word_1_269' title='bbox 2714 2852 2735 2883; x_wconf 89' lang='lat'>,</span> <span class='ocrx_word' id='word_1_270' title='bbox 2788 2813 2945 2865; x_wconf 85' lang='lat' dir='ltr'>nota.</span> <span class='ocrx_word' id='word_1_271' title='bbox 2988 2797 3125 2891; x_wconf 48' lang='lat' dir='ltr'>fit,</span> <span class='ocrx_word' id='word_1_272' title='bbox 3180 2797 3523 2884; x_wconf 75' lang='lat' dir='ltr'>diligentia</span> <span class='ocrx_word' id='word_1_273' title='bbox 3570 2799 3698 2865; x_wconf 86' lang='lat' dir='ltr'>est:</span> <span class='ocrx_word' id='word_1_274' title='bbox 3755 2820 3829 2867; x_wconf 92' lang='lat' dir='ltr'>ut</span> <span class='ocrx_word' id='word_1_275' title='bbox 3882 2805 4117 2874; x_wconf 80' lang='lat' dir='ltr'>adver-</span> 
     </span>
     <span class='ocr_line' id='line_1_25' title="bbox 1117 2894 4121 2989; baseline 0.001 -24"><span class='ocrx_word' id='word_1_276' title='bbox 1117 2899 1362 2965; x_wconf 87' lang='lat' dir='ltr'>sarium</span> <span class='ocrx_word' id='word_1_277' title='bbox 1429 2914 1671 2965; x_wconf 85' lang='lat' dir='ltr'>attente</span> <span class='ocrx_word' id='word_1_278' title='bbox 1749 2902 2098 2969; x_wconf 87' lang='lat' dir='ltr'>audiamus</span> <span class='ocrx_word' id='word_1_279' title='bbox 2144 2954 2164 2987; x_wconf 88' lang='lat'>,</span> <span class='ocrx_word' id='word_1_280' title='bbox 2235 2918 2427 2989; x_wconf 87' lang='lat' dir='ltr'>atque</span> <span class='ocrx_word' id='word_1_281' title='bbox 2478 2915 2552 2967; x_wconf 91' lang='lat' dir='ltr'>ut</span> <span class='ocrx_word' id='word_1_282' title='bbox 2602 2899 2745 2975; x_wconf 81' lang='lat' dir='ltr'>ejus</span> <span class='ocrx_word' id='word_1_283' title='bbox 2802 2918 2935 2965; x_wconf 92' lang='lat' dir='ltr'>non</span> <span class='ocrx_word' id='word_1_284' title='bbox 2994 2896 3217 2963; x_wconf 89' lang='lat' dir='ltr'>solum</span> <span class='ocrx_word' id='word_1_285' title='bbox 3271 2894 3626 2964; x_wconf 89' lang='lat' dir='ltr'>sententias</span> <span class='ocrx_word' id='word_1_286' title='bbox 3668 2950 3689 2982; x_wconf 85' lang='lat'>‚</span> <span class='ocrx_word' id='word_1_287' title='bbox 3744 2899 3851 2965; x_wconf 89' lang='lat' dir='ltr'>sed</span> <span class='ocrx_word' id='word_1_288' title='bbox 3902 2906 4121 2971; x_wconf 85' lang='lat' dir='ltr'>etiam</span> 
     </span>
     <span class='ocr_line' id='line_1_26' title="bbox 1111 2994 4121 3091; baseline 0.002 -26"><span class='ocrx_word' id='word_1_289' title='bbox 1111 2994 1310 3065; x_wconf 81' lang='lat' dir='ltr'>verba</span> <span class='ocrx_word' id='word_1_290' title='bbox 1380 3000 1605 3065; x_wconf 84' lang='lat' dir='ltr'>omnia-</span> <span class='ocrx_word' id='word_1_291' title='bbox 1675 3005 2086 3091; x_wconf 82' lang='lat' dir='ltr'>excipiamus</span> <span class='ocrx_word' id='word_1_292' title='bbox 2126 3054 2146 3087; x_wconf 84' lang='lat'><strong>,</strong></span> <span class='ocrx_word' id='word_1_293' title='bbox 2220 3002 2453 3075; x_wconf 86' lang='lat' dir='ltr'>vultus</span> <span class='ocrx_word' id='word_1_294' title='bbox 2498 2996 2779 3087; x_wconf 82' lang='lat' dir='ltr'>denique</span> <span class='ocrx_word' id='word_1_295' title='bbox 2832 2996 3317 3087; x_wconf 83' lang='lat' dir='ltr'>perspiciamus</span> <span class='ocrx_word' id='word_1_296' title='bbox 3386 3016 3670 3085; x_wconf 76' lang='lat' dir='ltr'>omneS,</span> <span class='ocrx_word' id='word_1_297' title='bbox 3714 3001 3830 3089; x_wconf 77' lang='lat' dir='ltr'>qui</span> <span class='ocrx_word' id='word_1_298' title='bbox 3882 2999 4121 3069; x_wconf 84' lang='lat' dir='ltr'>sensus</span> 
     </span>
     <span class='ocr_line' id='line_1_27' title="bbox 1112 3096 4117 3192; baseline 0.001 -26"><span class='ocrx_word' id='word_1_299' title='bbox 1112 3100 1324 3167; x_wconf 74' lang='lat' dir='ltr'>animi</span> <span class='ocrx_word' id='word_1_300' title='bbox 1374 3102 1772 3192; x_wconf 86' lang='lat' dir='ltr'>plerumque</span> <span class='ocrx_word' id='word_1_301' title='bbox 1826 3104 2156 3190; x_wconf 84' lang='lat' dir='ltr'>indicant,</span> <span class='ocrx_word' id='word_1_302' title='bbox 2208 3102 2545 3192; x_wconf 88' lang='lat' dir='ltr'>diligentia</span> <span class='ocrx_word' id='word_1_303' title='bbox 2598 3099 2727 3168; x_wconf 90' lang='lat' dir='ltr'>est.</span> <span class='ocrx_word' id='word_1_304' title='bbox 2783 3098 2859 3166; x_wconf 90' lang='lat' dir='ltr'>Id</span> <span class='ocrx_word' id='word_1_305' title='bbox 2906 3117 3135 3168; x_wconf 87' lang='lat' dir='ltr'>tamen</span> <span class='ocrx_word' id='word_1_306' title='bbox 3173 3096 3653 3168; x_wconf 70' lang='lat' dir='ltr'>dissimulanter</span> <span class='ocrx_word' id='word_1_307' title='bbox 3706 3100 3973 3187; x_wconf 82' lang='lat' dir='ltr'>facere,</span> <span class='ocrx_word' id='word_1_308' title='bbox 4029 3124 4117 3172; x_wconf 89' lang='lat' dir='ltr'>ne</span> 
     </span>
     <span class='ocr_line' id='line_1_28' title="bbox 1115 3197 4113 3299; baseline 0.001 -30"><span class='ocrx_word' id='word_1_309' title='bbox 1115 3199 1226 3269; x_wconf 85' lang='lat' dir='ltr'>fibi</span> <span class='ocrx_word' id='word_1_310' title='bbox 1279 3198 1415 3299; x_wconf 32' lang='lat' dir='ltr'>ille·</span> <span class='ocrx_word' id='word_1_311' title='bbox 1466 3202 1710 3292; x_wconf 84' lang='lat' dir='ltr'>aliquid</span> <span class='ocrx_word' id='word_1_312' title='bbox 1761 3201 2080 3292; x_wconf 84' lang='lat' dir='ltr'>proficere</span> <span class='ocrx_word' id='word_1_313' title='bbox 2134 3205 2437 3272; x_wconf 89' lang='lat' dir='ltr'>videatur</span> <span class='ocrx_word' id='word_1_314' title='bbox 2484 3258 2504 3288; x_wconf 85' lang='lat'>,</span> <span class='ocrx_word' id='word_1_315' title='bbox 2578 3201 2935 3290; x_wconf 87' lang='lat' dir='ltr'>prudentia</span> <span class='ocrx_word' id='word_1_316' title='bbox 2982 3197 3072 3266; x_wconf 87' lang='lat' dir='ltr'>est</span> <span class='ocrx_word' id='word_1_317' title='bbox 3109 3247 3125 3264; x_wconf 94' lang='lat'><strong>.</strong></span> <span class='ocrx_word' id='word_1_318' title='bbox 3187 3200 3441 3267; x_wconf 88' lang='lat' dir='ltr'>Deinde</span> <span class='ocrx_word' id='word_1_319' title='bbox 3496 3217 3572 3269; x_wconf 87' lang='lat' dir='ltr'>ut</span> <span class='ocrx_word' id='word_1_320' title='bbox 3625 3203 3695 3266; x_wconf 89' lang='lat' dir='ltr'>in</span> <span class='ocrx_word' id='word_1_321' title='bbox 3748 3203 3828 3269; x_wconf 88' lang='lat' dir='ltr'>iis</span> <span class='ocrx_word' id='word_1_322' title='bbox 3882 3206 4047 3272; x_wconf 89' lang='lat' dir='ltr'>locis</span> <span class='ocrx_word' id='word_1_323' title='bbox 4092 3257 4113 3288; x_wconf 79' lang='lat'>‚</span> 
     </span>
     <span class='ocr_line' id='line_1_29' title="bbox 1117 3301 4115 3395; baseline 0.001 -25"><span class='ocrx_word' id='word_1_324' title='bbox 1117 3322 1290 3395; x_wconf 87' lang='lat' dir='ltr'>quos</span> <span class='ocrx_word' id='word_1_325' title='bbox 1334 3325 1702 3391; x_wconf 83' lang='lat' dir='ltr'>proponam</span> <span class='ocrx_word' id='word_1_326' title='bbox 1755 3307 1956 3394; x_wconf 75' lang='lat' dir='ltr'>paulo</span> <span class='ocrx_word' id='word_1_327' title='bbox 2004 3305 2140 3392; x_wconf 87' lang='lat' dir='ltr'>post</span> <span class='ocrx_word' id='word_1_328' title='bbox 2189 3357 2209 3390; x_wconf 89' lang='lat'><strong>‚</strong></span> <span class='ocrx_word' id='word_1_329' title='bbox 2264 3305 2691 3391; x_wconf 80' lang='lat' dir='ltr'>pervolvatur</span> <span class='ocrx_word' id='word_1_330' title='bbox 2745 3302 3011 3372; x_wconf 85' lang='lat' dir='ltr'>animus</span> <span class='ocrx_word' id='word_1_331' title='bbox 3052 3353 3073 3386; x_wconf 89' lang='lat'>‚</span> <span class='ocrx_word' id='word_1_332' title='bbox 3142 3315 3217 3372; x_wconf 90' lang='lat' dir='ltr'>ut</span> <span class='ocrx_word' id='word_1_333' title='bbox 3272 3301 3334 3368; x_wconf 82' lang='lat' dir='ltr'>se</span> <span class='ocrx_word' id='word_1_334' title='bbox 3383 3304 3651 3389; x_wconf 90' lang='lat' dir='ltr'>penitus</span> <span class='ocrx_word' id='word_1_335' title='bbox 3705 3303 3989 3374; x_wconf 78' lang='lat' dir='ltr'>insinuet</span> <span class='ocrx_word' id='word_1_336' title='bbox 4041 3311 4115 3374; x_wconf 87' lang='lat' dir='ltr'>in</span> 
     </span>
     <span class='ocr_line' id='line_1_30' title="bbox 1119 3400 4115 3493; baseline 0.001 -21"><span class='ocrx_word' id='word_1_337' title='bbox 1119 3402 1392 3472; x_wconf 87' lang='lat' dir='ltr'>causam</span> <span class='ocrx_word' id='word_1_338' title='bbox 1441 3457 1461 3492; x_wconf 89' lang='lat'>‚</span> <span class='ocrx_word' id='word_1_339' title='bbox 1536 3421 1612 3472; x_wconf 90' lang='lat' dir='ltr'>ut</span> <span class='ocrx_word' id='word_1_340' title='bbox 1682 3407 1759 3472; x_wconf 85' lang='lat' dir='ltr'>lit</span> <span class='ocrx_word' id='word_1_341' title='bbox 1815 3426 1976 3475; x_wconf 90' lang='lat' dir='ltr'>cura</span> <span class='ocrx_word' id='word_1_342' title='bbox 2033 3409 2102 3474; x_wconf 72' lang='grc' dir='ltr'>δι</span> <span class='ocrx_word' id='word_1_343' title='bbox 2159 3405 2555 3493; x_wconf 80' lang='lat' dir='ltr'>cogitatione</span> <span class='ocrx_word' id='word_1_344' title='bbox 2606 3403 2898 3472; x_wconf 87' lang='lat' dir='ltr'>intentus</span> <span class='ocrx_word' id='word_1_345' title='bbox 2941 3455 2963 3486; x_wconf 87' lang='lat'>,</span> <span class='ocrx_word' id='word_1_346' title='bbox 3031 3400 3378 3490; x_wconf 85' lang='lat' dir='ltr'>diligentia</span> <span class='ocrx_word' id='word_1_347' title='bbox 3430 3402 3521 3470; x_wconf 93' lang='lat' dir='ltr'>est</span> <span class='ocrx_word' id='word_1_348' title='bbox 3568 3428 3583 3468; x_wconf 90' lang='lat'>:</span> <span class='ocrx_word' id='word_1_349' title='bbox 3638 3419 3711 3472; x_wconf 88' lang='lat' dir='ltr'>ut</span> <span class='ocrx_word' id='word_1_350' title='bbox 3758 3404 3865 3470; x_wconf 85' lang='lat' dir='ltr'>his</span> <span class='ocrx_word' id='word_1_351' title='bbox 3914 3405 4115 3475; x_wconf 88' lang='lat' dir='ltr'>rebus</span> 
     </span>
     <span class='ocr_line' id='line_1_31' title="bbox 1121 3503 4108 3598; baseline 0.002 -28"><span class='ocrx_word' id='word_1_352' title='bbox 1121 3505 1418 3573; x_wconf 83' lang='lat' dir='ltr'>adhibeat</span> <span class='ocrx_word' id='word_1_353' title='bbox 1461 3559 1482 3590; x_wconf 89' lang='lat'>,</span> <span class='ocrx_word' id='word_1_354' title='bbox 1551 3521 1875 3598; x_wconf 73' lang='lat' dir='ltr'>tanquam</span> <span class='ocrx_word' id='word_1_355' title='bbox 1930 3508 2162 3575; x_wconf 85' lang='lat' dir='ltr'>lumen</span> <span class='ocrx_word' id='word_1_356' title='bbox 2217 3503 2489 3595; x_wconf 73' lang='lat' dir='ltr'>aliquod.</span> <span class='ocrx_word' id='word_1_357' title='bbox 2529 3556 2551 3592; x_wconf 92' lang='lat'>,</span> <span class='ocrx_word' id='word_1_358' title='bbox 2626 3503 3070 3589; x_wconf 63' lang='lat' dir='ltr'>memoriam,</span> <span class='ocrx_word' id='word_1_359' title='bbox 3110 3520 3185 3570; x_wconf 91' lang='lat' dir='ltr'>ut</span> <span class='ocrx_word' id='word_1_360' title='bbox 3240 3525 3525 3591; x_wconf 69' lang='lat' dir='ltr'>vocem,</span> <span class='ocrx_word' id='word_1_361' title='bbox 3571 3520 3649 3578; x_wconf 75' lang='lat' dir='ltr'>ut.</span> <span class='ocrx_word' id='word_1_362' title='bbox 3702 3505 3909 3575; x_wconf 84' lang='lat' dir='ltr'>vires:</span> <span class='ocrx_word' id='word_1_363' title='bbox 3964 3507 4108 3576; x_wconf 81' lang='lat' dir='ltr'>haec</span> 
     </span>
     <span class='ocr_line' id='line_1_32' title="bbox 1125 3603 1633 3690; baseline 0 -20"><span class='ocrx_word' id='word_1_364' title='bbox 1125 3623 1386 3690; x_wconf 82' lang='lat' dir='ltr'>magna</span> <span class='ocrx_word' id='word_1_365' title='bbox 1440 3603 1633 3670; x_wconf 90' lang='lat' dir='ltr'>sunt.</span> 
     </span>
    </p>

    <p class='ocr_par' dir='ltr' id='par_1_5' title="bbox 1123 3701 4120 3998">
     <span class='ocr_line' id='line_1_33' title="bbox 1232 3701 4117 3798; baseline 0.004 -32"><span class='ocrx_word' id='word_1_366' title='bbox 1232 3705 1416 3767; x_wconf 79' lang='lat' dir='ltr'>Inter</span> <span class='ocrx_word' id='word_1_367' title='bbox 1494 3703 1848 3788; x_wconf 81' lang='lat' dir='ltr'>ingenium</span> <span class='ocrx_word' id='word_1_368' title='bbox 1899 3701 2215 3792; x_wconf 78' lang='lat' dir='ltr'>quidem,</span> <span class='ocrx_word' id='word_1_369' title='bbox 2284 3707 2357 3775; x_wconf 83' lang='lat'>&amp;</span> <span class='ocrx_word' id='word_1_370' title='bbox 2433 3707 2846 3796; x_wconf 77' lang='lat' dir='ltr'>diligentiam</span> <span class='ocrx_word' id='word_1_371' title='bbox 2918 3708 3401 3798; x_wconf 81' lang='lat' dir='ltr'>perpaululum</span> <span class='ocrx_word' id='word_1_372' title='bbox 3450 3707 3580 3776; x_wconf 84' lang='lat' dir='ltr'>loci</span> <span class='ocrx_word' id='word_1_373' title='bbox 3632 3709 3970 3798; x_wconf 76' lang='lat' dir='ltr'>reliquum</span> <span class='ocrx_word' id='word_1_374' title='bbox 4020 3709 4117 3777; x_wconf 81' lang='lat' dir='ltr'>est</span> 
     </span>
     <span class='ocr_line' id='line_1_34' title="bbox 1130 3800 4117 3900; baseline 0.004 -32"><span class='ocrx_word' id='word_1_375' title='bbox 1130 3801 1315 3898; x_wconf 47' lang='lat' dir='ltr'>arti..</span> <span class='ocrx_word' id='word_1_376' title='bbox 1387 3801 1520 3868; x_wconf 79' lang='lat' dir='ltr'>Ars</span> <span class='ocrx_word' id='word_1_377' title='bbox 1569 3800 1964 3870; x_wconf 84' lang='lat' dir='ltr'>demonstrat</span> <span class='ocrx_word' id='word_1_378' title='bbox 2017 3821 2283 3872; x_wconf 86' lang='lat' dir='ltr'>tantum</span> <span class='ocrx_word' id='word_1_379' title='bbox 2326 3859 2347 3894; x_wconf 85' lang='lat'>‚</span> <span class='ocrx_word' id='word_1_380' title='bbox 2416 3805 2525 3874; x_wconf 93' lang='lat' dir='ltr'>ubi</span> <span class='ocrx_word' id='word_1_381' title='bbox 2581 3829 2827 3897; x_wconf 69' lang='lat' dir='ltr'>quaeras</span> <span class='ocrx_word' id='word_1_382' title='bbox 2866 3865 2887 3896; x_wconf 87' lang='lat'>,</span> <span class='ocrx_word' id='word_1_383' title='bbox 2938 3807 3295 3898; x_wconf 26' lang='lat' dir='ltr'>atque-ubi</span> <span class='ocrx_word' id='word_1_384' title='bbox 3349 3808 3424 3874; x_wconf 83' lang='lat' dir='ltr'>fit</span> <span class='ocrx_word' id='word_1_385' title='bbox 3501 3809 3718 3894; x_wconf 77' lang='lat' dir='ltr'>illud,</span> <span class='ocrx_word' id='word_1_386' title='bbox 3764 3810 3939 3900; x_wconf 91' lang='lat' dir='ltr'>quod</span> <span class='ocrx_word' id='word_1_387' title='bbox 3986 3810 4117 3882; x_wconf 85' lang='lat' dir='ltr'>stu.-</span> 
     </span>
     <span class='ocr_line' id='line_1_35' title="bbox 1123 3901 4120 3998; baseline 0.004 -28"><span class='ocrx_word' id='word_1_388' title='bbox 1123 3901 1296 3982; x_wconf 60' lang='lat' dir='ltr'>‚deas</span> <span class='ocrx_word' id='word_1_389' title='bbox 1348 3901 1646 3968; x_wconf 84' lang='lat' dir='ltr'>invenire</span> <span class='ocrx_word' id='word_1_390' title='bbox 1667 3928 1696 3974; x_wconf 74' lang='lat' dir='ltr'>z,</span> <span class='ocrx_word' id='word_1_391' title='bbox 1739 3904 1994 3991; x_wconf 86' lang='lat' dir='ltr'>reliqua</span> <span class='ocrx_word' id='word_1_392' title='bbox 2049 3903 2199 3973; x_wconf 88' lang='lat' dir='ltr'>sunt</span> <span class='ocrx_word' id='word_1_393' title='bbox 2254 3907 2318 3972; x_wconf 92' lang='lat' dir='ltr'>in</span> <span class='ocrx_word' id='word_1_394' title='bbox 2370 3928 2574 3994; x_wconf 87' lang='lat' dir='ltr'>cura,</span> <span class='ocrx_word' id='word_1_395' title='bbox 2626 3911 2986 3979; x_wconf 83' lang='lat' dir='ltr'>attentione</span> <span class='ocrx_word' id='word_1_396' title='bbox 3040 3907 3291 3992; x_wconf 83' lang='lat' dir='ltr'>animi,</span> <span class='ocrx_word' id='word_1_397' title='bbox 3335 3906 3777 3998; x_wconf 80' lang='lat' dir='ltr'>cogitatione,</span> <span class='ocrx_word' id='word_1_398' title='bbox 3830 3912 4120 3998; x_wconf 77' lang='lat' dir='ltr'>vigilan-</span> 
     </span>
    </p>
   </div>
   <div class='ocr_carea' id='block_1_3' title="bbox 1135 4000 4133 4103">
    <p class='ocr_par' dir='ltr' id='par_1_6' title="bbox 1135 4000 4133 4103">
     <span class='ocr_line' id='line_1_36' title="bbox 1135 4000 4133 4103; baseline 0.004 -34"><span class='ocrx_word' id='word_1_399' title='bbox 1135 4004 1284 4087; x_wconf 78' lang='lat' dir='ltr'>tia,</span> <span class='ocrx_word' id='word_1_400' title='bbox 1355 4000 1715 4071; x_wconf 83' lang='lat' dir='ltr'>affiduitate</span> <span class='ocrx_word' id='word_1_401' title='bbox 1750 4017 1790 4092; x_wconf 69' lang='lat'>,⁸</span> <span class='ocrx_word' id='word_1_402' title='bbox 1841 4003 2063 4072; x_wconf 84' lang='lat' dir='ltr'>labore</span> <span class='ocrx_word' id='word_1_403' title='bbox 2106 4032 2126 4092; x_wconf 83' lang='lat'><em>3</em></span> <span class='ocrx_word' id='word_1_404' title='bbox 2181 4007 2575 4097; x_wconf 61' lang='lat' dir='ltr'>complestar</span> <span class='ocrx_word' id='word_1_405' title='bbox 2627 4032 2763 4079; x_wconf 89' lang='lat' dir='ltr'>uno</span> <span class='ocrx_word' id='word_1_406' title='bbox 2812 4010 3047 4095; x_wconf 84' lang='lat' dir='ltr'>verbo,</span> <span class='ocrx_word' id='word_1_407' title='bbox 3102 4030 3234 4097; x_wconf 88' lang='lat' dir='ltr'>quo</span> <span class='ocrx_word' id='word_1_408' title='bbox 3285 4007 3441 4096; x_wconf 62' lang='lat' dir='ltr'>saepe</span> <span class='ocrx_word' id='word_1_409' title='bbox 3496 4008 3630 4083; x_wconf 78' lang='lat' dir='ltr'>jam</span> <span class='ocrx_word' id='word_1_410' title='bbox 3684 4011 3777 4077; x_wconf 79' lang='lat' dir='ltr'>usi</span> <span class='ocrx_word' id='word_1_411' title='bbox 3834 4011 4068 4081; x_wconf 88' lang='lat' dir='ltr'>sumus</span> <span class='ocrx_word' id='word_1_412' title='bbox 4099 4064 4133 4103; x_wconf 35' lang='lat'>,-</span> 
     </span>
    </p>
   </div>
   <div class='ocr_carea' id='block_1_4' title="bbox 1135 4093 4121 4502">
    <p class='ocr_par' dir='ltr' id='par_1_7' title="bbox 1135 4093 4118 4201">
     <span class='ocr_line' id='line_1_37' title="bbox 1135 4093 4118 4201; baseline 0.002 -32"><span class='ocrx_word' id='word_1_413' title='bbox 1135 4101 1478 4192; x_wconf 85' lang='lat' dir='ltr'>diligentia</span> <span class='ocrx_word' id='word_1_414' title='bbox 1521 4128 1546 4171; x_wconf 72' lang='grc' dir='ltr'>ε,</span> <span class='ocrx_word' id='word_1_415' title='bbox 1613 4127 1739 4196; x_wconf 83' lang='lat' dir='ltr'>qua</span> <span class='ocrx_word' id='word_1_416' title='bbox 1785 4093 1927 4172; x_wconf 48' lang='lat' dir='ltr'>&#39;una</span> <span class='ocrx_word' id='word_1_417' title='bbox 1981 4106 2223 4176; x_wconf 87' lang='lat' dir='ltr'>virtute</span> <span class='ocrx_word' id='word_1_418' title='bbox 2279 4129 2519 4177; x_wconf 89' lang='lat' dir='ltr'>omnes.</span> <span class='ocrx_word' id='word_1_419' title='bbox 2564 4113 2849 4184; x_wconf 85' lang='lat' dir='ltr'>virtutes</span> <span class='ocrx_word' id='word_1_420' title='bbox 2898 4111 3161 4201; x_wconf 83' lang='lat' dir='ltr'>reliquae</span> <span class='ocrx_word' id='word_1_421' title='bbox 3214 4108 3673 4176; x_wconf 86' lang='lat' dir='ltr'>continentur.</span> <span class='ocrx_word' id='word_1_422' title='bbox 3728 4112 3909 4177; x_wconf 88' lang='lat' dir='ltr'>Nam</span> <span class='ocrx_word' id='word_1_423' title='bbox 3960 4131 4118 4178; x_wconf 88' lang='lat' dir='ltr'>ora-</span> 
     </span>
    </p>

    <p class='ocr_par' dir='ltr' id='par_1_8' title="bbox 1139 4201 4119 4304">
     <span class='ocr_line' id='line_1_38' title="bbox 1139 4201 4119 4304; baseline 0.004 -35"><span class='ocrx_word' id='word_1_424' title='bbox 1139 4205 1334 4286; x_wconf 66' lang='lat' dir='ltr'>tionis</span> <span class='ocrx_word' id='word_1_425' title='bbox 1387 4201 1652 4294; x_wconf 80' lang='lat' dir='ltr'>quidem</span> <span class='ocrx_word' id='word_1_426' title='bbox 1704 4208 1889 4296; x_wconf 89' lang='lat' dir='ltr'>copia</span> <span class='ocrx_word' id='word_1_427' title='bbox 1945 4205 2247 4278; x_wconf 84' lang='lat' dir='ltr'>videmus</span> <span class='ocrx_word' id='word_1_428' title='bbox 2302 4228 2376 4280; x_wconf 90' lang='lat' dir='ltr'>ut</span> <span class='ocrx_word' id='word_1_429' title='bbox 2426 4208 2767 4282; x_wconf 82' lang='lat' dir='ltr'>abundent·</span> <span class='ocrx_word' id='word_1_430' title='bbox 2814 4212 3221 4304; x_wconf 79' lang='lat' dir='ltr'>philosophi,</span> <span class='ocrx_word' id='word_1_431' title='bbox 3272 4213 3426 4304; x_wconf 88' lang='lat' dir='ltr'>qui,</span> <span class='ocrx_word' id='word_1_432' title='bbox 3476 4227 3551 4281; x_wconf 87' lang='lat' dir='ltr'>ut</span> <span class='ocrx_word' id='word_1_433' title='bbox 3598 4211 3874 4300; x_wconf 86' lang='lat' dir='ltr'>opinor,</span> <span class='ocrx_word' id='word_1_434' title='bbox 3926 4221 3955 4300; x_wconf 90' lang='lat'>(</span> <span class='ocrx_word' id='word_1_435' title='bbox 4006 4211 4119 4282; x_wconf 80' lang='lat' dir='ltr'>sed</span> 
     </span>
    </p>

    <p class='ocr_par' dir='ltr' id='par_1_9' title="bbox 1141 4305 4121 4502">
     <span class='ocr_line' id='line_1_39' title="bbox 1141 4305 4121 4409; baseline 0.004 -39"><span class='ocrx_word' id='word_1_436' title='bbox 1141 4321 1213 4373; x_wconf 89' lang='lat' dir='ltr'>tu</span> <span class='ocrx_word' id='word_1_437' title='bbox 1265 4305 1454 4392; x_wconf 62' lang='lat' dir='ltr'>haec,</span> <span class='ocrx_word' id='word_1_438' title='bbox 1491 4308 1730 4380; x_wconf 89' lang='lat' dir='ltr'>Catule</span> <span class='ocrx_word' id='word_1_439' title='bbox 1769 4361 1794 4398; x_wconf 81' lang='lat'><strong>,</strong></span> <span class='ocrx_word' id='word_1_440' title='bbox 1842 4308 2132 4396; x_wconf 77' lang='lat' dir='ltr'>melius)</span> <span class='ocrx_word' id='word_1_441' title='bbox 2183 4313 2373 4388; x_wconf 84' lang='lat' dir='ltr'>nulla</span> <span class='ocrx_word' id='word_1_442' title='bbox 2426 4314 2590 4384; x_wconf 84' lang='lat' dir='ltr'>dant</span> <span class='ocrx_word' id='word_1_443' title='bbox 2636 4335 2953 4409; x_wconf 84' lang='lat' dir='ltr'>praecepta</span> <span class='ocrx_word' id='word_1_444' title='bbox 3005 4313 3262 4386; x_wconf 89' lang='lat' dir='ltr'>dicendi</span> <span class='ocrx_word' id='word_1_445' title='bbox 3304 4369 3337 4406; x_wconf 35' lang='grc' dir='ltr'>λ,</span> <span class='ocrx_word' id='word_1_446' title='bbox 3375 4335 3497 4382; x_wconf 88' lang='lat' dir='ltr'>nec</span> <span class='ocrx_word' id='word_1_447' title='bbox 3548 4311 3803 4382; x_wconf 79' lang='lat' dir='ltr'>idcirce.</span> <span class='ocrx_word' id='word_1_448' title='bbox 3842 4314 4121 4404; x_wconf 82' lang='lat' dir='ltr'>minus,</span> 
     </span>
     <span class='ocr_line' id='line_1_40' title="bbox 2666 4430 4021 4502; baseline 0.004 -24"><span class='ocrx_word' id='word_1_449' title='bbox 2666 4439 2673 4444; x_wconf 91' lang='lat'><strong>·</strong></span> <span class='ocrx_word' id='word_1_450' title='bbox 3846 4430 4021 4502; x_wconf 79' lang='lat' dir='ltr'>quae-</span> 
     </span>
    </p>
   </div>
   <div class='ocr_carea' id='block_1_5' title="bbox 1125 4595 4099 4636">
    <p class='ocr_par' dir='ltr' id='par_1_10' title="bbox 1125 4595 4099 4636">
     <span class='ocr_line' id='line_1_41' title="bbox 1125 4595 4099 4636; baseline 0 1685"><span class='ocrx_word' id='word_1_451' title='bbox 1125 4595 4099 4636; x_wconf 95' lang='lat' dir='ltr'> </span> 
     </span>
    </p>
   </div>
   <div class='ocr_carea' id='block_1_6' title="bbox 1129 4633 4098 4666">
    <p class='ocr_par' dir='ltr' id='par_1_11' title="bbox 1129 4633 4098 4666">
     <span class='ocr_line' id='line_1_42' title="bbox 1129 4633 4098 4666; baseline 0 1655"><span class='ocrx_word' id='word_1_452' title='bbox 1129 4633 4098 4666; x_wconf 95' lang='lat' dir='ltr'> </span> 
     </span>
    </p>
   </div>
   <div class='ocr_carea' id='block_1_7' title="bbox 1141 4772 4121 5144">
    <p class='ocr_par' dir='ltr' id='par_1_12' title="bbox 1141 4772 4121 4993">
     <span class='ocr_line' id='line_1_43' title="bbox 1211 4772 4121 4855; baseline -0.003 -14"><span class='ocrx_word' id='word_1_453' title='bbox 1211 4780 1372 4848; x_wconf 81' lang='grc'><strong>(49)</strong></span> <span class='ocrx_word' id='word_1_454' title='bbox 1407 4788 1583 4838; x_wconf 73' lang='lat' dir='ltr'>Intra·</span> <span class='ocrx_word' id='word_1_455' title='bbox 1609 4798 1748 4855; x_wconf 74' lang='lat' dir='ltr'>quas</span> <span class='ocrx_word' id='word_1_456' title='bbox 1783 4783 1970 4836; x_wconf 79' lang='lat' dir='ltr'>venire</span> <span class='ocrx_word' id='word_1_457' title='bbox 1993 4775 2231 4842; x_wconf 75' lang='lat' dir='ltr'>debeas)</span> <span class='ocrx_word' id='word_1_458' title='bbox 2265 4777 2572 4845; x_wconf 66' lang='lat' dir='ltr'>ManutiuS,</span> <span class='ocrx_word' id='word_1_459' title='bbox 2674 4779 2761 4838; x_wconf 81' lang='lat' dir='ltr'>nit</span> <span class='ocrx_word' id='word_1_460' title='bbox 2816 4782 2997 4854; x_wconf 57' lang='lat' dir='ltr'>mim?</span> <span class='ocrx_word' id='word_1_461' title='bbox 3051 4779 3107 4830; x_wconf 71' lang='grc' dir='ltr'>δε</span> <span class='ocrx_word' id='word_1_462' title='bbox 3158 4773 3467 4853; x_wconf 63' lang='lat' dir='ltr'>conicetur-a</span> <span class='ocrx_word' id='word_1_463' title='bbox 3504 4772 3680 4846; x_wconf 86' lang='lat' dir='ltr'>placet</span> <span class='ocrx_word' id='word_1_464' title='bbox 3718 4796 3733 4832; x_wconf 71' lang='grc' dir='ltr'><strong><em>ε</em></strong></span> <span class='ocrx_word' id='word_1_465' title='bbox 3790 4773 3853 4831; x_wconf 84' lang='lat' dir='ltr'>in</span> <span class='ocrx_word' id='word_1_466' title='bbox 3909 4773 4121 4845; x_wconf 67' lang='lat' dir='ltr'>vulgata</span> 
     </span>
     <span class='ocr_line' id='line_1_44' title="bbox 1141 4843 4120 4925; baseline -0.001 -21"><span class='ocrx_word' id='word_1_467' title='bbox 1141 4853 1196 4904; x_wconf 79' lang='grc' dir='ltr'>δε</span> <span class='ocrx_word' id='word_1_468' title='bbox 1235 4852 1543 4916; x_wconf 81' lang='lat' dir='ltr'>Gruterus,</span> <span class='ocrx_word' id='word_1_469' title='bbox 1576 4855 1735 4908; x_wconf 74' lang='lat' dir='ltr'>intra</span> <span class='ocrx_word' id='word_1_470' title='bbox 1771 4868 1910 4922; x_wconf 77' lang='lat' dir='ltr'>quas</span> <span class='ocrx_word' id='word_1_471' title='bbox 1949 4867 2181 4916; x_wconf 79' lang='lat' dir='ltr'>vmere,</span> <span class='ocrx_word' id='word_1_472' title='bbox 2218 4869 2279 4908; x_wconf 89' lang='lat' dir='ltr'>ut</span> <span class='ocrx_word' id='word_1_473' title='bbox 2314 4849 2383 4908; x_wconf 83' lang='lat' dir='ltr'>fit</span> <span class='ocrx_word' id='word_1_474' title='bbox 2398 4848 2577 4908; x_wconf 77' lang='lat' dir='ltr'>trans-</span> <span class='ocrx_word' id='word_1_475' title='bbox 2676 4851 2833 4910; x_wconf 78' lang='lat' dir='ltr'>enim·</span> <span class='ocrx_word' id='word_1_476' title='bbox 2862 4849 3113 4908; x_wconf 51' lang='lat' dir='ltr'>lefflone‘</span> <span class='ocrx_word' id='word_1_477' title='bbox 3150 4843 3302 4902; x_wconf 73' lang='lat' dir='ltr'>nihil</span> <span class='ocrx_word' id='word_1_478' title='bbox 3335 4843 3415 4902; x_wconf 82' lang='lat' dir='ltr'>est</span> <span class='ocrx_word' id='word_1_479' title='bbox 3446 4885 3463 4911; x_wconf 88' lang='lat'>‚</span> <span class='ocrx_word' id='word_1_480' title='bbox 3513 4893 3515 4896; x_wconf 63' lang='grc'>,</span> <span class='ocrx_word' id='word_1_481' title='bbox 3554 4844 3661 4904; x_wconf 88' lang='lat' dir='ltr'>uod</span> <span class='ocrx_word' id='word_1_482' title='bbox 3718 4843 3860 4902; x_wconf 83' lang='lat' dir='ltr'>hanc</span> <span class='ocrx_word' id='word_1_483' title='bbox 3896 4843 4120 4925; x_wconf 75' lang='lat' dir='ltr'>senten-</span> 
     </span>
     <span class='ocr_line' id='line_1_45' title="bbox 1144 4915 4121 4993; baseline -0.001 -18"><span class='ocrx_word' id='word_1_484' title='bbox 1144 4919 1282 4977; x_wconf 72' lang='lat' dir='ltr'>latio</span> <span class='ocrx_word' id='word_1_485' title='bbox 1318 4940 1346 4978; x_wconf 82' lang='lat' dir='ltr'>a</span> <span class='ocrx_word' id='word_1_486' title='bbox 1387 4917 1678 4978; x_wconf 79' lang='lat' dir='ltr'>venatione</span> <span class='ocrx_word' id='word_1_487' title='bbox 1715 4917 1900 4976; x_wconf 65' lang='lat' dir='ltr'>dueta.</span> <span class='ocrx_word' id='word_1_488' title='bbox 1941 4918 2122 4975; x_wconf 80' lang='lat' dir='ltr'>Idem.</span> <span class='ocrx_word' id='word_1_489' title='bbox 2678 4923 2808 4979; x_wconf 78' lang='lat' dir='ltr'>tiam</span> <span class='ocrx_word' id='word_1_490' title='bbox 2846 4917 3031 4993; x_wconf 84' lang='lat' dir='ltr'>priori·</span> <span class='ocrx_word' id='word_1_491' title='bbox 3060 4917 3346 4976; x_wconf 67' lang='lat' dir='ltr'>connert</span> <span class='ocrx_word' id='word_1_492' title='bbox 3371 4957 3389 4985; x_wconf 90' lang='lat'><em>,</em></span> <span class='ocrx_word' id='word_1_493' title='bbox 3438 4935 3539 4975; x_wconf 70' lang='lat' dir='ltr'>eta</span> <span class='ocrx_word' id='word_1_494' title='bbox 3586 4915 3862 4974; x_wconf 81' lang='lat' dir='ltr'>manifeste</span> <span class='ocrx_word' id='word_1_495' title='bbox 3906 4915 3999 4973; x_wconf 83' lang='lat' dir='ltr'>htc</span> <span class='ocrx_word' id='word_1_496' title='bbox 4036 4935 4121 4972; x_wconf 85' lang='lat' dir='ltr'>ra-</span> 
     </span>
    </p>

    <p class='ocr_par' dir='ltr' id='par_1_13' title="bbox 1143 4985 4120 5144">
     <span class='ocr_line' id='line_1_46' title="bbox 1175 4985 4120 5065; baseline -0 -16"><span class='ocrx_word' id='word_1_497' title='bbox 1175 4996 1330 5065; x_wconf 54' lang='grc' dir='ltr'><strong>,(ςο</strong></span> <span class='ocrx_word' id='word_1_498' title='bbox 1351 4999 1386 5058; x_wconf 85' lang='grc'><strong>)</strong></span> <span class='ocrx_word' id='word_1_499' title='bbox 1417 4993 1523 5050; x_wconf 75' lang='lat' dir='ltr'>Ubi</span> <span class='ocrx_word' id='word_1_500' title='bbox 1559 5009 1680 5049; x_wconf 81' lang='lat' dir='ltr'>eum</span> <span class='ocrx_word' id='word_1_501' title='bbox 1715 4990 1894 5046; x_wconf 80' lang='lat' dir='ltr'>locum</span> <span class='ocrx_word' id='word_1_502' title='bbox 1931 5009 2142 5048; x_wconf 80' lang='lat' dir='ltr'>omnem</span> <span class='ocrx_word' id='word_1_503' title='bbox 2179 4996 2284 5048; x_wconf 68' lang='grc' dir='ltr'>διε.</span> <span class='ocrx_word' id='word_1_504' title='bbox 2312 4998 2343 5058; x_wconf 79' lang='grc'>)</span> <span class='ocrx_word' id='word_1_505' title='bbox 2404 4985 2578 5050; x_wconf 78' lang='lat' dir='ltr'>Fami-</span> <span class='ocrx_word' id='word_1_506' title='bbox 2662 4991 2763 5049; x_wconf 64' lang='lat' dir='ltr'>tio</span> <span class='ocrx_word' id='word_1_507' title='bbox 2816 4991 3085 5053; x_wconf 77' lang='lat' dir='ltr'>redditur·</span> <span class='ocrx_word' id='word_1_508' title='bbox 3118 5009 3311 5050; x_wconf 77' lang='lat' dir='ltr'>eorum</span> <span class='ocrx_word' id='word_1_509' title='bbox 3338 5029 3358 5057; x_wconf 91' lang='lat'><em>‚</em></span> <span class='ocrx_word' id='word_1_510' title='bbox 3404 5008 3525 5062; x_wconf 77' lang='lat' dir='ltr'>quae</span> <span class='ocrx_word' id='word_1_511' title='bbox 3558 4991 3667 5059; x_wconf 82' lang='lat' dir='ltr'>jam</span> <span class='ocrx_word' id='word_1_512' title='bbox 3714 4986 4120 5064; x_wconf 69' lang='lat' dir='ltr'>praecefflrrant·</span> 
     </span>
     <span class='ocr_line' id='line_1_47' title="bbox 1143 5057 2864 5144; baseline 0.002 -24"><span class='ocrx_word' id='word_1_513' title='bbox 1143 5057 1294 5120; x_wconf 77' lang='lat' dir='ltr'>haris</span> <span class='ocrx_word' id='word_1_514' title='bbox 1327 5081 1474 5122; x_wconf 76' lang='lat' dir='ltr'>meus</span> <span class='ocrx_word' id='word_1_515' title='bbox 1487 5059 1775 5144; x_wconf 70' lang='lat' dir='ltr'>johannes</span> <span class='ocrx_word' id='word_1_516' title='bbox 1811 5061 2074 5122; x_wconf 78' lang='lat' dir='ltr'>VValker</span> <span class='ocrx_word' id='word_1_517' title='bbox 2110 5079 2217 5136; x_wconf 83' lang='lat' dir='ltr'>pro</span> <span class='ocrx_word' id='word_1_518' title='bbox 2254 5083 2379 5125; x_wconf 76' lang='lat' dir='ltr'>eum</span> <span class='ocrx_word' id='word_1_519' title='bbox 2412 5081 2578 5138; x_wconf 75' lang='lat' dir='ltr'>repo-</span> <span class='ocrx_word' id='word_1_520' title='bbox 2674 5063 2864 5124; x_wconf 68' lang='lat' dir='ltr'>Idem.</span> 
     </span>
    </p>
   </div>
   <div class='ocr_carea' id='block_1_8' title="bbox 4320 411 4335 642">
    <p class='ocr_par' dir='ltr' id='par_1_14' title="bbox 4320 411 4335 660">
     <span class='ocr_line' id='line_1_48' title="bbox 4320 411 4335 642; baseline 0 0"><span class='ocrx_word' id='word_1_521' title='bbox 4320 411 4335 642; x_wconf 84' lang='lat' dir='ltr'>i</span> 
     </span>
    </p>
   </div>
  </div>
 </body>
</html>
