<?xml version="1.0" encoding="UTF-8"?>
<!DOCTYPE html PUBLIC "-//W3C//DTD XHTML 1.0 Transitional//EN"
    "http://www.w3.org/TR/xhtml1/DTD/xhtml1-transitional.dtd">
<html xmlns="http://www.w3.org/1999/xhtml" xml:lang="en" lang="en">
 <head>
  <title>
</title>
<meta http-equiv="Content-Type" content="text/html;charset=utf-8" />
  <meta name='ocr-system' content='tesseract 3.04.00' />
  <meta name='ocr-capabilities' content='ocr_page ocr_carea ocr_par ocr_line ocrx_word'/>
</head>
<body>
  <div class='ocr_page' id='page_1' title='image "./operacumdelectu00dgoog_0386.png"; bbox 0 0 4359 6321; ppageno 0'>
   <div class='ocr_carea' id='block_1_1' title="bbox 1244 404 3175 551">
    <p class='ocr_par' dir='ltr' id='par_1_1' title="bbox 1244 404 3175 551">
     <span class='ocr_line' id='line_1_1' title="bbox 1244 404 3175 551; baseline -0.003 -50"><span class='ocrx_word' id='word_1_1' title='bbox 1244 424 1433 551; x_wconf 71' lang='lat'>354</span> <span class='ocrx_word' id='word_1_2' title='bbox 2051 406 2289 501; x_wconf 78' lang='lat' dir='ltr'>DE</span> <span class='ocrx_word' id='word_1_3' title='bbox 2408 404 3175 500; x_wconf 66' lang='lat' dir='ltr'>cLARm</span> 
     </span>
    </p>
   </div>
   <div class='ocr_carea' id='block_1_2' title="bbox 1109 525 4181 4985">
    <p class='ocr_par' dir='ltr' id='par_1_2' title="bbox 1109 525 4181 4985">
     <span class='ocr_line' id='line_1_2' title="bbox 1117 525 4163 637; baseline -0.004 -26"><span class='ocrx_word' id='word_1_4' title='bbox 1117 544 1274 637; x_wconf 73' lang='lat' dir='ltr'>ipsis</span> <span class='ocrx_word' id='word_1_5' title='bbox 1319 536 1576 610; x_wconf 84' lang='lat' dir='ltr'>dicendi</span> <span class='ocrx_word' id='word_1_6' title='bbox 1627 532 1848 627; x_wconf 84' lang='lat' dir='ltr'>gloria</span> <span class='ocrx_word' id='word_1_7' title='bbox 1896 526 2401 621; x_wconf 76' lang='lat' dir='ltr'><strong>comparabatur</strong></span> <span class='ocrx_word' id='word_1_8' title='bbox 2424 574 2443 594; x_wconf 90' lang='lat'><strong>.</strong></span> <span class='ocrx_word' id='word_1_9' title='bbox 2496 526 2798 599; x_wconf 82' lang='lat' dir='ltr'>Primum</span> <span class='ocrx_word' id='word_1_10' title='bbox 2850 525 3169 595; x_wconf 84' lang='lat' dir='ltr'>memoria</span> <span class='ocrx_word' id='word_1_11' title='bbox 3226 534 3407 591; x_wconf 87' lang='lat' dir='ltr'>tanta</span> <span class='ocrx_word' id='word_1_12' title='bbox 3434 574 3453 610; x_wconf 88' lang='lat'>‚</span> <span class='ocrx_word' id='word_1_13' title='bbox 3503 534 3835 613; x_wconf 84' lang='lat' dir='ltr'>quantam</span> <span class='ocrx_word' id='word_1_14' title='bbox 3870 525 3937 594; x_wconf 83' lang='lat' dir='ltr'>in</span> <span class='ocrx_word' id='word_1_15' title='bbox 3977 530 4163 598; x_wconf 86' lang='lat' dir='ltr'>nul-</span> 
     </span>
     <span class='ocr_line' id='line_1_3' title="bbox 1121 625 4156 735; baseline -0.006 -18"><span class='ocrx_word' id='word_1_16' title='bbox 1121 642 1195 717; x_wconf 81' lang='lat' dir='ltr'>lo</span> <span class='ocrx_word' id='word_1_17' title='bbox 1241 640 1613 735; x_wconf 73' lang='lat' dir='ltr'>cognovisse</span> <span class='ocrx_word' id='word_1_18' title='bbox 1664 656 1774 707; x_wconf 85' lang='lat' dir='ltr'>me</span> <span class='ocrx_word' id='word_1_19' title='bbox 1821 632 2096 703; x_wconf 79' lang='lat' dir='ltr'>arbitror</span> <span class='ocrx_word' id='word_1_20' title='bbox 2127 684 2149 720; x_wconf 87' lang='lat'><strong>,</strong></span> <span class='ocrx_word' id='word_1_21' title='bbox 2202 646 2324 716; x_wconf 84' lang='lat' dir='ltr'>ut,</span> <span class='ocrx_word' id='word_1_22' title='bbox 2373 650 2517 719; x_wconf 62' lang='lat' dir='ltr'>quar</span> <span class='ocrx_word' id='word_1_23' title='bbox 2569 628 2795 701; x_wconf 71' lang='lat' dir='ltr'>lecum</span> <span class='ocrx_word' id='word_1_24' title='bbox 2845 638 3343 697; x_wconf 84' lang='lat' dir='ltr'>commentatus</span> <span class='ocrx_word' id='word_1_25' title='bbox 3390 626 3589 711; x_wconf 78' lang='lat' dir='ltr'>effer,</span> <span class='ocrx_word' id='word_1_26' title='bbox 3638 645 3719 693; x_wconf 84' lang='lat' dir='ltr'>ea</span> <span class='ocrx_word' id='word_1_27' title='bbox 3772 625 3904 695; x_wconf 82' lang='lat' dir='ltr'>fine</span> <span class='ocrx_word' id='word_1_28' title='bbox 3958 630 4156 699; x_wconf 86' lang='lat' dir='ltr'>scri·</span> 
     </span>
     <span class='ocr_line' id='line_1_4' title="bbox 1118 725 4163 843; baseline -0.006 -26"><span class='ocrx_word' id='word_1_29' title='bbox 1118 766 1236 843; x_wconf 87' lang='lat' dir='ltr'>pto</span> <span class='ocrx_word' id='word_1_30' title='bbox 1289 741 1501 815; x_wconf 81' lang='lat' dir='ltr'>verbis</span> <span class='ocrx_word' id='word_1_31' title='bbox 1563 738 1810 809; x_wconf 88' lang='lat' dir='ltr'>eisdem</span> <span class='ocrx_word' id='word_1_32' title='bbox 1861 733 2159 805; x_wconf 83' lang='lat' dir='ltr'>redderet</span> <span class='ocrx_word' id='word_1_33' title='bbox 2199 786 2223 821; x_wconf 88' lang='lat'><strong>,</strong></span> <span class='ocrx_word' id='word_1_34' title='bbox 2286 730 2533 822; x_wconf 84' lang='lat' dir='ltr'>quibus</span> <span class='ocrx_word' id='word_1_35' title='bbox 2570 730 2975 823; x_wconf 72' lang='lat' dir='ltr'>cogitavisset</span> <span class='ocrx_word' id='word_1_36' title='bbox 3012 778 3028 796; x_wconf 92' lang='lat'><strong>.</strong></span> <span class='ocrx_word' id='word_1_37' title='bbox 3101 730 3249 794; x_wconf 81' lang='lat' dir='ltr'>Hoc</span> <span class='ocrx_word' id='word_1_38' title='bbox 3330 725 3725 804; x_wconf 76' lang='lat' dir='ltr'>adiumento</span> <span class='ocrx_word' id='word_1_39' title='bbox 3766 729 3877 798; x_wconf 88' lang='lat' dir='ltr'>ille</span> <span class='ocrx_word' id='word_1_40' title='bbox 3926 746 4163 807; x_wconf 78' lang='lat' dir='ltr'>tanto</span> 
     </span>
     <span class='ocr_line' id='line_1_5' title="bbox 1115 827 4181 928; baseline -0.004 -18"><span class='ocrx_word' id='word_1_41' title='bbox 1115 851 1209 919; x_wconf 82' lang='lat' dir='ltr'>fic</span> <span class='ocrx_word' id='word_1_42' title='bbox 1261 842 1610 928; x_wconf 85' lang='lat' dir='ltr'>utebatur,</span> <span class='ocrx_word' id='word_1_43' title='bbox 1657 855 1736 907; x_wconf 80' lang='lat' dir='ltr'>ut</span> <span class='ocrx_word' id='word_1_44' title='bbox 1788 835 1904 905; x_wconf 85' lang='lat' dir='ltr'>sua</span> <span class='ocrx_word' id='word_1_45' title='bbox 1959 837 2030 907; x_wconf 86' lang='lat'>&amp;</span> <span class='ocrx_word' id='word_1_46' title='bbox 2089 850 2581 921; x_wconf 84' lang='lat' dir='ltr'>commentata,</span> <span class='ocrx_word' id='word_1_47' title='bbox 2632 837 2703 904; x_wconf 76' lang='grc' dir='ltr'>δι</span> <span class='ocrx_word' id='word_1_48' title='bbox 2764 830 3041 920; x_wconf 84' lang='lat' dir='ltr'>scripta,</span> <span class='ocrx_word' id='word_1_49' title='bbox 3094 830 3163 897; x_wconf 87' lang='lat'>&amp;</span> <span class='ocrx_word' id='word_1_50' title='bbox 3193 880 3214 913; x_wconf 88' lang='lat'>,</span> <span class='ocrx_word' id='word_1_51' title='bbox 3266 827 3462 897; x_wconf 76' lang='lat' dir='ltr'>nullo</span> <span class='ocrx_word' id='word_1_52' title='bbox 3510 828 3841 898; x_wconf 83' lang='lat' dir='ltr'>referente</span> <span class='ocrx_word' id='word_1_53' title='bbox 3878 882 3900 918; x_wconf 86' lang='lat'>‚</span> <span class='ocrx_word' id='word_1_54' title='bbox 3966 856 4181 899; x_wconf 74' lang='lat' dir='ltr'>om-.</span> 
     </span>
     <span class='ocr_line' id='line_1_6' title="bbox 1117 930 4149 1019; baseline -0.006 -1"><span class='ocrx_word' id='word_1_55' title='bbox 1117 950 1230 1019; x_wconf 85' lang='lat' dir='ltr'>nia</span> <span class='ocrx_word' id='word_1_56' title='bbox 1297 940 1827 1013; x_wconf 82' lang='lat' dir='ltr'>adversariorum</span> <span class='ocrx_word' id='word_1_57' title='bbox 1894 937 2072 1007; x_wconf 68' lang='lat' dir='ltr'>dista</span> <span class='ocrx_word' id='word_1_58' title='bbox 2141 935 2532 1005; x_wconf 85' lang='lat' dir='ltr'>meminisset</span> <span class='ocrx_word' id='word_1_59' title='bbox 2568 981 2585 1001; x_wconf 90' lang='lat'><strong>.</strong></span> <span class='ocrx_word' id='word_1_60' title='bbox 2661 930 2953 1000; x_wconf 82' lang='lat' dir='ltr'>Ardebat</span> <span class='ocrx_word' id='word_1_61' title='bbox 2988 945 3255 997; x_wconf 70' lang='lat' dir='ltr'>autem</span> <span class='ocrx_word' id='word_1_62' title='bbox 3322 930 3677 1019; x_wconf 85' lang='lat' dir='ltr'>cupiditate</span> <span class='ocrx_word' id='word_1_63' title='bbox 3728 931 3859 1019; x_wconf 81' lang='lat' dir='ltr'>fic,</span> <span class='ocrx_word' id='word_1_64' title='bbox 3916 950 3993 1000; x_wconf 90' lang='lat' dir='ltr'>ut</span> <span class='ocrx_word' id='word_1_65' title='bbox 4058 935 4149 1001; x_wconf 84' lang='lat' dir='ltr'>in</span> 
     </span>
     <span class='ocr_line' id='line_1_7' title="bbox 1124 1030 4161 1135; baseline -0.005 -16"><span class='ocrx_word' id='word_1_66' title='bbox 1124 1047 1324 1121; x_wconf 81' lang='lat' dir='ltr'>nullo</span> <span class='ocrx_word' id='word_1_67' title='bbox 1389 1062 1693 1135; x_wconf 83' lang='lat' dir='ltr'>unquam</span> <span class='ocrx_word' id='word_1_68' title='bbox 1747 1037 2142 1132; x_wconf 82' lang='lat' dir='ltr'>flagrantius</span> <span class='ocrx_word' id='word_1_69' title='bbox 2212 1037 2499 1105; x_wconf 83' lang='lat' dir='ltr'>studium</span> <span class='ocrx_word' id='word_1_70' title='bbox 2573 1032 2903 1129; x_wconf 43' lang='lat' dir='ltr'>viderim}</span> <span class='ocrx_word' id='word_1_71' title='bbox 2972 1030 3266 1101; x_wconf 82' lang='lat' dir='ltr'>Nullum</span> <span class='ocrx_word' id='word_1_72' title='bbox 3328 1032 3515 1101; x_wconf 82' lang='lat' dir='ltr'>enim·</span> <span class='ocrx_word' id='word_1_73' title='bbox 3584 1030 3949 1121; x_wconf 72' lang='lat' dir='ltr'>patiebatur</span> <span class='ocrx_word' id='word_1_74' title='bbox 4004 1036 4161 1104; x_wconf 83' lang='lat' dir='ltr'>effe</span> 
     </span>
     <span class='ocr_line' id='line_1_8' title="bbox 1115 1133 4161 1238; baseline -0.003 -25"><span class='ocrx_word' id='word_1_75' title='bbox 1115 1154 1298 1223; x_wconf 72' lang='lat' dir='ltr'>diem</span> <span class='ocrx_word' id='word_1_76' title='bbox 1333 1198 1356 1235; x_wconf 91' lang='lat'><strong>,</strong></span> <span class='ocrx_word' id='word_1_77' title='bbox 1423 1148 1582 1238; x_wconf 79' lang='lat' dir='ltr'>quin</span> <span class='ocrx_word' id='word_1_78' title='bbox 1654 1156 1772 1213; x_wconf 73' lang='lat' dir='ltr'>aut</span> <span class='ocrx_word' id='word_1_79' title='bbox 1823 1144 1893 1211; x_wconf 69' lang='lat' dir='ltr'>in</span> <span class='ocrx_word' id='word_1_80' title='bbox 1951 1141 2098 1208; x_wconf 87' lang='lat' dir='ltr'>foro</span> <span class='ocrx_word' id='word_1_81' title='bbox 2147 1137 2397 1206; x_wconf 88' lang='lat' dir='ltr'>diceret</span> <span class='ocrx_word' id='word_1_82' title='bbox 2436 1188 2457 1221; x_wconf 88' lang='lat'>,</span> <span class='ocrx_word' id='word_1_83' title='bbox 2525 1153 2643 1203; x_wconf 89' lang='lat' dir='ltr'>aut</span> <span class='ocrx_word' id='word_1_84' title='bbox 2694 1133 3118 1203; x_wconf 72' lang='lat' dir='ltr'>meditaretur</span> <span class='ocrx_word' id='word_1_85' title='bbox 3190 1146 3381 1199; x_wconf 80' lang='lat' dir='ltr'>extra</span> <span class='ocrx_word' id='word_1_86' title='bbox 3436 1134 3663 1208; x_wconf 85' lang='lat' dir='ltr'>forum</span> <span class='ocrx_word' id='word_1_87' title='bbox 3710 1182 3726 1201; x_wconf 90' lang='lat'><strong>.</strong></span> <span class='ocrx_word' id='word_1_88' title='bbox 3774 1135 4161 1225; x_wconf 79' lang='lat' dir='ltr'>Saepiffime</span> 
     </span>
     <span class='ocr_line' id='line_1_9' title="bbox 1114 1234 4151 1333; baseline -0.004 -16"><span class='ocrx_word' id='word_1_89' title='bbox 1114 1266 1342 1325; x_wconf 71' lang='lat' dir='ltr'>autem</span> <span class='ocrx_word' id='word_1_90' title='bbox 1405 1246 1638 1317; x_wconf 79' lang='lat' dir='ltr'>eodem</span> <span class='ocrx_word' id='word_1_91' title='bbox 1691 1243 1796 1313; x_wconf 81' lang='lat' dir='ltr'>die</span> <span class='ocrx_word' id='word_1_92' title='bbox 1847 1256 2211 1333; x_wconf 84' lang='lat' dir='ltr'>utrumque</span> <span class='ocrx_word' id='word_1_93' title='bbox 2288 1237 2567 1306; x_wconf 77' lang='lat' dir='ltr'>faciebat</span> <span class='ocrx_word' id='word_1_94' title='bbox 2604 1282 2631 1303; x_wconf 84' lang='grc'>..</span> <span class='ocrx_word' id='word_1_95' title='bbox 2695 1236 3171 1324; x_wconf 77' lang='lat' dir='ltr'>Attuleratque</span> <span class='ocrx_word' id='word_1_96' title='bbox 3222 1234 3503 1305; x_wconf 83' lang='lat' dir='ltr'>minime</span> <span class='ocrx_word' id='word_1_97' title='bbox 3564 1235 3853 1326; x_wconf 87' lang='lat' dir='ltr'>vulgare</span> <span class='ocrx_word' id='word_1_98' title='bbox 3900 1258 4151 1327; x_wconf 83' lang='lat' dir='ltr'>genus</span> 
     </span>
     <span class='ocr_line' id='line_1_10' title="bbox 1115 1334 4151 1439; baseline -0.005 -16"><span class='ocrx_word' id='word_1_99' title='bbox 1115 1349 1414 1423; x_wconf 86' lang='lat' dir='ltr'>dicendi:</span> <span class='ocrx_word' id='word_1_100' title='bbox 1474 1347 1642 1417; x_wconf 85' lang='lat' dir='ltr'>duas</span> <span class='ocrx_word' id='word_1_101' title='bbox 1690 1345 1966 1439; x_wconf 84' lang='lat' dir='ltr'>quidem</span> <span class='ocrx_word' id='word_1_102' title='bbox 2016 1361 2119 1408; x_wconf 87' lang='lat' dir='ltr'>res</span> <span class='ocrx_word' id='word_1_103' title='bbox 2168 1392 2190 1428; x_wconf 88' lang='lat'><strong>,</strong></span> <span class='ocrx_word' id='word_1_104' title='bbox 2238 1358 2404 1429; x_wconf 84' lang='lat' dir='ltr'>quas</span> <span class='ocrx_word' id='word_1_105' title='bbox 2462 1358 2668 1407; x_wconf 88' lang='lat' dir='ltr'>nemo</span> <span class='ocrx_word' id='word_1_106' title='bbox 2712 1337 2889 1406; x_wconf 78' lang='lat' dir='ltr'>alius</span> <span class='ocrx_word' id='word_1_107' title='bbox 2924 1363 2949 1424; x_wconf 68' lang='grc' dir='ltr'><strong><em>ς</em></strong></span> <span class='ocrx_word' id='word_1_108' title='bbox 3024 1335 3455 1424; x_wconf 74' lang='lat' dir='ltr'>partitione3‚</span> <span class='ocrx_word' id='word_1_109' title='bbox 3504 1334 3745 1427; x_wconf 76' lang='lat' dir='ltr'>quibus</span> <span class='ocrx_word' id='word_1_110' title='bbox 3794 1335 3875 1405; x_wconf 90' lang='lat' dir='ltr'>de</span> <span class='ocrx_word' id='word_1_111' title='bbox 3925 1336 4151 1411; x_wconf 78' lang='lat' dir='ltr'>rebus</span> 
     </span>
     <span class='ocr_line' id='line_1_11' title="bbox 1113 1432 4151 1531; baseline -0.005 -8"><span class='ocrx_word' id='word_1_112' title='bbox 1113 1453 1412 1523; x_wconf 65' lang='lat' dir='ltr'>dicturus</span> <span class='ocrx_word' id='word_1_113' title='bbox 1465 1448 1669 1531; x_wconf 80' lang='lat' dir='ltr'>effer,</span> <span class='ocrx_word' id='word_1_114' title='bbox 1718 1446 1788 1513; x_wconf 80' lang='grc' dir='ltr'>ὅτ</span> <span class='ocrx_word' id='word_1_115' title='bbox 1845 1440 2321 1527; x_wconf 59' lang='lat' dir='ltr'>collectiones,</span> <span class='ocrx_word' id='word_1_116' title='bbox 2376 1460 2641 1509; x_wconf 88' lang='lat' dir='ltr'>memor</span> <span class='ocrx_word' id='word_1_117' title='bbox 2700 1440 2771 1510; x_wconf 75' lang='grc' dir='ltr'>δε</span> <span class='ocrx_word' id='word_1_118' title='bbox 2826 1462 2970 1530; x_wconf 73' lang='lat' dir='ltr'>quae</span> <span class='ocrx_word' id='word_1_119' title='bbox 3018 1438 3219 1505; x_wconf 80' lang='lat' dir='ltr'>effent</span> <span class='ocrx_word' id='word_1_120' title='bbox 3268 1438 3445 1505; x_wconf 58' lang='lat' dir='ltr'>dieta</span> <span class='ocrx_word' id='word_1_121' title='bbox 3495 1432 3739 1506; x_wconf 84' lang='lat' dir='ltr'>contra·</span> <span class='ocrx_word' id='word_1_122' title='bbox 3774 1490 3797 1526; x_wconf 86' lang='lat'><strong>,</strong></span> <span class='ocrx_word' id='word_1_123' title='bbox 3844 1461 4151 1530; x_wconf 79' lang='lat' dir='ltr'>quaeque</span> 
     </span>
     <span class='ocr_line' id='line_1_12' title="bbox 1113 1538 4146 1645; baseline -0.004 -23"><span class='ocrx_word' id='word_1_124' title='bbox 1113 1554 1246 1645; x_wconf 85' lang='lat' dir='ltr'>ipse</span> <span class='ocrx_word' id='word_1_125' title='bbox 1295 1548 1614 1641; x_wconf 68' lang='lat' dir='ltr'>dixiffetj.</span> <span class='ocrx_word' id='word_1_126' title='bbox 1689 1546 1848 1610; x_wconf 85' lang='lat' dir='ltr'>Erat</span> <span class='ocrx_word' id='word_1_127' title='bbox 1899 1543 1970 1609; x_wconf 89' lang='lat' dir='ltr'>in</span> <span class='ocrx_word' id='word_1_128' title='bbox 2025 1539 2381 1610; x_wconf 81' lang='lat' dir='ltr'>verborum·</span> <span class='ocrx_word' id='word_1_129' title='bbox 2435 1540 2781 1635; x_wconf 82' lang='lat' dir='ltr'>splendore</span> <span class='ocrx_word' id='word_1_130' title='bbox 2827 1541 3103 1631; x_wconf 78' lang='lat' dir='ltr'>elegans</span> <span class='ocrx_word' id='word_1_131' title='bbox 3138 1592 3161 1628; x_wconf 86' lang='lat'><strong>,</strong></span> <span class='ocrx_word' id='word_1_132' title='bbox 3211 1538 3680 1629; x_wconf 83' lang='lat' dir='ltr'>compolitione</span> <span class='ocrx_word' id='word_1_133' title='bbox 3732 1557 3965 1629; x_wconf 86' lang='lat' dir='ltr'>aptus,</span> <span class='ocrx_word' id='word_1_134' title='bbox 4032 1544 4146 1611; x_wconf 80' lang='lat' dir='ltr'>fa-</span> 
     </span>
     <span class='ocr_line' id='line_1_13' title="bbox 1115 1642 4145 1736; baseline -0.004 -13"><span class='ocrx_word' id='word_1_135' title='bbox 1115 1655 1366 1725; x_wconf 88' lang='lat' dir='ltr'>cultate</span> <span class='ocrx_word' id='word_1_136' title='bbox 1417 1643 1720 1736; x_wconf 84' lang='lat' dir='ltr'>copiosus</span> <span class='ocrx_word' id='word_1_137' title='bbox 1743 1668 1774 1711; x_wconf 78' lang='lat'>2·</span> <span class='ocrx_word' id='word_1_138' title='bbox 1816 1663 2027 1735; x_wconf 87' lang='lat' dir='ltr'>eaque</span> <span class='ocrx_word' id='word_1_139' title='bbox 2074 1660 2219 1714; x_wconf 88' lang='lat' dir='ltr'>erat</span> <span class='ocrx_word' id='word_1_140' title='bbox 2268 1666 2430 1712; x_wconf 89' lang='lat' dir='ltr'>cum</span> <span class='ocrx_word' id='word_1_141' title='bbox 2482 1644 2747 1713; x_wconf 86' lang='lat' dir='ltr'>summo</span> <span class='ocrx_word' id='word_1_142' title='bbox 2796 1642 3107 1733; x_wconf 83' lang='lat' dir='ltr'>ingenie,</span> <span class='ocrx_word' id='word_1_143' title='bbox 3160 1655 3323 1721; x_wconf 62' lang='lat' dir='ltr'>tutu</span> <span class='ocrx_word' id='word_1_144' title='bbox 3352 1642 3943 1711; x_wconf 82' lang='lat' dir='ltr'>exercitationibus</span> <span class='ocrx_word' id='word_1_145' title='bbox 3977 1666 4145 1711; x_wconf 80' lang='lat' dir='ltr'>ma-</span> 
     </span>
     <span class='ocr_line' id='line_1_14' title="bbox 1113 1742 4141 1835; baseline -0.002 -14"><span class='ocrx_word' id='word_1_146' title='bbox 1113 1754 1318 1828; x_wconf 78' lang='lat' dir='ltr'>ximis</span> <span class='ocrx_word' id='word_1_147' title='bbox 1366 1747 1796 1816; x_wconf 86' lang='lat' dir='ltr'>consecutus.</span> <span class='ocrx_word' id='word_1_148' title='bbox 1851 1751 2026 1816; x_wconf 85' lang='lat' dir='ltr'>Rem</span> <span class='ocrx_word' id='word_1_149' title='bbox 2068 1744 2627 1835; x_wconf 64' lang='lat' dir='ltr'>complectebatur</span> <span class='ocrx_word' id='word_1_150' title='bbox 2666 1744 3093 1831; x_wconf 84' lang='lat' dir='ltr'>memoriter,</span> <span class='ocrx_word' id='word_1_151' title='bbox 3142 1742 3473 1812; x_wconf 85' lang='lat' dir='ltr'>dividebat</span> <span class='ocrx_word' id='word_1_152' title='bbox 3512 1762 3705 1812; x_wconf 89' lang='lat' dir='ltr'>acute</span> <span class='ocrx_word' id='word_1_153' title='bbox 3726 1798 3759 1831; x_wconf 84' lang='lat'>,.</span> <span class='ocrx_word' id='word_1_154' title='bbox 3800 1766 3919 1813; x_wconf 86' lang='lat' dir='ltr'>nec</span> <span class='ocrx_word' id='word_1_155' title='bbox 3962 1768 4141 1835; x_wconf 80' lang='lat' dir='ltr'>prae-</span> 
     </span>
     <span class='ocr_line' id='line_1_15' title="bbox 1111 1844 4141 1940; baseline -0.004 -15"><span class='ocrx_word' id='word_1_156' title='bbox 1111 1848 1520 1925; x_wconf 78' lang='lat' dir='ltr'>termittebat·</span> <span class='ocrx_word' id='word_1_157' title='bbox 1567 1849 1704 1919; x_wconf 82' lang='lat' dir='ltr'>fere</span> <span class='ocrx_word' id='word_1_158' title='bbox 1753 1846 2124 1940; x_wconf 80' lang='lat' dir='ltr'>quidquam</span> <span class='ocrx_word' id='word_1_159' title='bbox 2145 1899 2181 1935; x_wconf 66' lang='lat'>‚‚</span> <span class='ocrx_word' id='word_1_160' title='bbox 2218 1849 2401 1938; x_wconf 76' lang='lat' dir='ltr'>quod‘</span> <span class='ocrx_word' id='word_1_161' title='bbox 2443 1848 2599 1919; x_wconf 80' lang='lat' dir='ltr'>effer</span> <span class='ocrx_word' id='word_1_162' title='bbox 2644 1850 2718 1917; x_wconf 85' lang='lat' dir='ltr'>in</span> <span class='ocrx_word' id='word_1_163' title='bbox 2766 1844 3017 1932; x_wconf 83' lang='lat' dir='ltr'>eausa,</span> <span class='ocrx_word' id='word_1_164' title='bbox 3062 1860 3181 1913; x_wconf 82' lang='lat' dir='ltr'>aut</span> <span class='ocrx_word' id='word_1_165' title='bbox 3230 1845 3309 1911; x_wconf 87' lang='lat' dir='ltr'>ad</span> <span class='ocrx_word' id='word_1_166' title='bbox 3364 1844 3951 1934; x_wconf 81' lang='lat' dir='ltr'>confirmandum,</span> <span class='ocrx_word' id='word_1_167' title='bbox 4006 1863 4141 1919; x_wconf 86' lang='lat' dir='ltr'>aut</span> 
     </span>
     <span class='ocr_line' id='line_1_16' title="bbox 1111 1946 4144 2035; baseline -0.003 -12"><span class='ocrx_word' id='word_1_168' title='bbox 1111 1956 1196 2031; x_wconf 74' lang='lat' dir='ltr'>ad</span> <span class='ocrx_word' id='word_1_169' title='bbox 1246 1950 1698 2021; x_wconf 81' lang='lat' dir='ltr'>refellendum</span> <span class='ocrx_word' id='word_1_170' title='bbox 1744 2001 1763 2019; x_wconf 89' lang='lat'><strong>.</strong></span> <span class='ocrx_word' id='word_1_171' title='bbox 1835 1954 1994 2020; x_wconf 78' lang='lat' dir='ltr'>Vox</span> <span class='ocrx_word' id='word_1_172' title='bbox 2043 1971 2293 2019; x_wconf 84' lang='lat' dir='ltr'>canora</span> <span class='ocrx_word' id='word_1_173' title='bbox 2350 1952 2421 2019; x_wconf 82' lang='lat'>&amp;</span> <span class='ocrx_word' id='word_1_174' title='bbox 2480 1948 2697 2019; x_wconf 82' lang='lat' dir='ltr'>suavis</span> <span class='ocrx_word' id='word_1_175' title='bbox 2736 2000 2754 2019; x_wconf 90' lang='lat'><strong>.</strong></span> <span class='ocrx_word' id='word_1_176' title='bbox 2810 1951 3047 2018; x_wconf 81' lang='lat' dir='ltr'>Motus</span> <span class='ocrx_word' id='word_1_177' title='bbox 3101 1949 3172 2018; x_wconf 87' lang='lat'>&amp;</span> <span class='ocrx_word' id='word_1_178' title='bbox 3230 1946 3453 2035; x_wconf 83' lang='lat' dir='ltr'>gestus</span> <span class='ocrx_word' id='word_1_179' title='bbox 3500 1948 3700 2018; x_wconf 87' lang='lat' dir='ltr'>etiam</span> <span class='ocrx_word' id='word_1_180' title='bbox 3752 1948 3907 2035; x_wconf 88' lang='lat' dir='ltr'>plus</span> <span class='ocrx_word' id='word_1_181' title='bbox 3957 1950 4144 2017; x_wconf 84' lang='lat' dir='ltr'>artis</span> 
     </span>
     <span class='ocr_line' id='line_1_17' title="bbox 1110 2047 4143 2149; baseline -0.001 -25"><span class='ocrx_word' id='word_1_182' title='bbox 1110 2053 1386 2131; x_wconf 86' lang='lat' dir='ltr'>habebat</span> <span class='ocrx_word' id='word_1_183' title='bbox 1417 2105 1452 2142; x_wconf 25' lang='grc' dir='ltr'>,Ι</span> <span class='ocrx_word' id='word_1_184' title='bbox 1489 2075 1694 2149; x_wconf 86' lang='lat' dir='ltr'>quam</span> <span class='ocrx_word' id='word_1_185' title='bbox 1743 2066 1882 2121; x_wconf 82' lang='lat' dir='ltr'>erat</span> <span class='ocrx_word' id='word_1_186' title='bbox 1930 2053 2189 2120; x_wconf 84' lang='lat' dir='ltr'>oratori</span> <span class='ocrx_word' id='word_1_187' title='bbox 2235 2051 2388 2119; x_wconf 83' lang='lat' dir='ltr'>satis</span> <span class='ocrx_word' id='word_1_188' title='bbox 2425 2100 2441 2119; x_wconf 92' lang='lat'><strong>.</strong></span> <span class='ocrx_word' id='word_1_189' title='bbox 2520 2055 2674 2120; x_wconf 84' lang='lat' dir='ltr'>Hoc</span> <span class='ocrx_word' id='word_1_190' title='bbox 2726 2054 2933 2143; x_wconf 87' lang='lat' dir='ltr'>igitur</span> <span class='ocrx_word' id='word_1_191' title='bbox 2987 2047 3376 2118; x_wconf 71' lang='lat' dir='ltr'>florescente</span> <span class='ocrx_word' id='word_1_192' title='bbox 3405 2102 3428 2136; x_wconf 90' lang='lat'>‚</span> <span class='ocrx_word' id='word_1_193' title='bbox 3480 2050 3741 2117; x_wconf 76' lang='lat' dir='ltr'>crassus</span> <span class='ocrx_word' id='word_1_194' title='bbox 3790 2050 3883 2117; x_wconf 89' lang='lat' dir='ltr'>est</span> <span class='ocrx_word' id='word_1_195' title='bbox 3928 2070 4143 2123; x_wconf 77' lang='lat' dir='ltr'>mor-</span> 
     </span>
     <span class='ocr_line' id='line_1_18' title="bbox 1117 2150 3812 2246; baseline -0.004 -18"><span class='ocrx_word' id='word_1_196' title='bbox 1117 2166 1326 2244; x_wconf 74' lang='lat' dir='ltr'>tuus,&#39;</span> <span class='ocrx_word' id='word_1_197' title='bbox 1365 2161 1564 2225; x_wconf 84' lang='lat' dir='ltr'>Cotta</span> <span class='ocrx_word' id='word_1_198' title='bbox 1613 2154 1884 2246; x_wconf 85' lang='lat' dir='ltr'>pulsus,</span> <span class='ocrx_word' id='word_1_199' title='bbox 1936 2152 2172 2236; x_wconf 77' lang='lat' dir='ltr'>judicia</span> <span class='ocrx_word' id='word_1_200' title='bbox 2226 2153 2577 2222; x_wconf 69' lang='lat' dir='ltr'>intermissa</span> <span class='ocrx_word' id='word_1_201' title='bbox 2632 2153 2853 2242; x_wconf 70' lang='lat' dir='ltr'>beno,</span> <span class='ocrx_word' id='word_1_202' title='bbox 2904 2173 3025 2221; x_wconf 89' lang='lat' dir='ltr'>nos</span> <span class='ocrx_word' id='word_1_203' title='bbox 3074 2152 3146 2221; x_wconf 91' lang='lat' dir='ltr'>in</span> <span class='ocrx_word' id='word_1_204' title='bbox 3201 2153 3423 2219; x_wconf 81' lang='lat' dir='ltr'>forum</span> <span class='ocrx_word' id='word_1_205' title='bbox 3474 2150 3812 2221; x_wconf 79' lang='lat' dir='ltr'>venimus.</span> 
     </span>
     <span class='ocr_line' id='line_1_19' title="bbox 1214 2250 4129 2346; baseline -0.003 -17"><span class='ocrx_word' id='word_1_206' title='bbox 1214 2251 1612 2329; x_wconf 60' lang='lat' dir='ltr'>LXXXI-xl.</span> <span class='ocrx_word' id='word_1_207' title='bbox 1656 2260 1810 2324; x_wconf 66' lang='lat' dir='ltr'>Erat</span> <span class='ocrx_word' id='word_1_208' title='bbox 1866 2252 2260 2325; x_wconf 70' lang='lat' dir='ltr'>Hortensius</span> <span class='ocrx_word' id='word_1_209' title='bbox 2310 2256 2381 2322; x_wconf 90' lang='lat' dir='ltr'>in</span> <span class='ocrx_word' id='word_1_210' title='bbox 2434 2254 2617 2324; x_wconf 88' lang='lat' dir='ltr'>bello</span> <span class='ocrx_word' id='word_1_211' title='bbox 2654 2308 2677 2342; x_wconf 86' lang='lat'>,</span> <span class='ocrx_word' id='word_1_212' title='bbox 2748 2257 2971 2346; x_wconf 88' lang='lat' dir='ltr'>primo</span> <span class='ocrx_word' id='word_1_213' title='bbox 3019 2274 3201 2323; x_wconf 72' lang='lat' dir='ltr'>anno</span> <span class='ocrx_word' id='word_1_214' title='bbox 3250 2253 3484 2338; x_wconf 76' lang='lat' dir='ltr'>miles,</span> <span class='ocrx_word' id='word_1_215' title='bbox 3534 2252 3738 2321; x_wconf 81' lang='lat' dir='ltr'>altero</span> <span class='ocrx_word' id='word_1_216' title='bbox 3784 2250 4129 2321; x_wconf 78' lang='lat' dir='ltr'>tribunus</span> 
     </span>
     <span class='ocr_line' id='line_1_20' title="bbox 1109 2352 4141 2448; baseline -0.003 -19"><span class='ocrx_word' id='word_1_217' title='bbox 1109 2361 1451 2429; x_wconf 82' lang='lat' dir='ltr'>militum:</span> <span class='ocrx_word' id='word_1_218' title='bbox 1516 2358 1846 2447; x_wconf 77' lang='lat' dir='ltr'>Sulpicius</span> <span class='ocrx_word' id='word_1_219' title='bbox 1895 2358 2168 2448; x_wconf 80' lang='lat' dir='ltr'>legatus·</span> <span class='ocrx_word' id='word_1_220' title='bbox 2205 2353 2467 2445; x_wconf 87' lang='lat' dir='ltr'>aberat,</span> <span class='ocrx_word' id='word_1_221' title='bbox 2516 2359 2717 2426; x_wconf 90' lang='lat' dir='ltr'>etiam</span> <span class='ocrx_word' id='word_1_222' title='bbox 2777 2360 2873 2425; x_wconf 88' lang='lat' dir='ltr'>M.</span> <span class='ocrx_word' id='word_1_223' title='bbox 2928 2356 3311 2425; x_wconf 82' lang='lat' dir='ltr'>Antonius:</span> <span class='ocrx_word' id='word_1_224' title='bbox 3360 2354 3787 2424; x_wconf 82' lang='lat' dir='ltr'>exercebatur</span> <span class='ocrx_word' id='word_1_225' title='bbox 3826 2374 3963 2419; x_wconf 86' lang='lat' dir='ltr'>una</span> <span class='ocrx_word' id='word_1_226' title='bbox 4026 2352 4141 2420; x_wconf 80' lang='lat' dir='ltr'>le-</span> 
     </span>
     <span class='ocr_line' id='line_1_21' title="bbox 1115 2452 4130 2557; baseline -0.003 -27"><span class='ocrx_word' id='word_1_227' title='bbox 1115 2484 1200 2557; x_wconf 86' lang='lat' dir='ltr'>ge</span> <span class='ocrx_word' id='word_1_228' title='bbox 1254 2459 1573 2541; x_wconf 76' lang='lat' dir='ltr'>iudicium</span> <span class='ocrx_word' id='word_1_229' title='bbox 1625 2461 1892 2545; x_wconf 74' lang='lat' dir='ltr'>Varia,</span> <span class='ocrx_word' id='word_1_230' title='bbox 1965 2459 2218 2528; x_wconf 70' lang='lat' dir='ltr'>caeteris</span> <span class='ocrx_word' id='word_1_231' title='bbox 2270 2477 2527 2549; x_wconf 88' lang='lat' dir='ltr'>propter</span> <span class='ocrx_word' id='word_1_232' title='bbox 2580 2456 2851 2529; x_wconf 74' lang='lat' dir='ltr'>betium.</span> <span class='ocrx_word' id='word_1_233' title='bbox 2890 2457 3324 2526; x_wconf 75' lang='lat' dir='ltr'>intermiffist·</span> <span class='ocrx_word' id='word_1_234' title='bbox 3362 2459 3477 2548; x_wconf 88' lang='lat' dir='ltr'>qui</span> <span class='ocrx_word' id='word_1_235' title='bbox 3536 2458 3909 2546; x_wconf 84' lang='lat' dir='ltr'>frequentes</span> <span class='ocrx_word' id='word_1_236' title='bbox 3963 2452 4130 2521; x_wconf 85' lang='lat' dir='ltr'>ade-</span> 
     </span>
     <span class='ocr_line' id='line_1_22' title="bbox 1111 2556 4127 2651; baseline -0.003 -21"><span class='ocrx_word' id='word_1_237' title='bbox 1111 2581 1267 2631; x_wconf 67' lang='lat' dir='ltr'>eant</span> <span class='ocrx_word' id='word_1_238' title='bbox 1326 2572 1352 2645; x_wconf 92' lang='lat'>(</span> <span class='ocrx_word' id='word_1_239' title='bbox 1395 2580 1801 2650; x_wconf 72' lang='lat' dir='ltr'>quanquam·</span> <span class='ocrx_word' id='word_1_240' title='bbox 1843 2581 1959 2651; x_wconf 86' lang='lat' dir='ltr'>pro</span> <span class='ocrx_word' id='word_1_241' title='bbox 2012 2558 2074 2627; x_wconf 72' lang='lat' dir='ltr'>le</span> <span class='ocrx_word' id='word_1_242' title='bbox 2129 2559 2243 2649; x_wconf 82' lang='lat' dir='ltr'>ipfi</span> <span class='ocrx_word' id='word_1_243' title='bbox 2299 2559 2601 2631; x_wconf 78' lang='lat' dir='ltr'>dicebant</span> <span class='ocrx_word' id='word_1_244' title='bbox 2654 2572 2692 2651; x_wconf 70' lang='lat' dir='ltr'>y</span> <span class='ocrx_word' id='word_1_245' title='bbox 2760 2578 3052 2629; x_wconf 84' lang='lat' dir='ltr'>oratores</span> <span class='ocrx_word' id='word_1_246' title='bbox 3123 2584 3256 2629; x_wconf 88' lang='lat' dir='ltr'>non</span> <span class='ocrx_word' id='word_1_247' title='bbox 3312 2560 3430 2627; x_wconf 84' lang='lat' dir='ltr'>illi‘</span> <span class='ocrx_word' id='word_1_248' title='bbox 3466 2558 3735 2649; x_wconf 89' lang='lat' dir='ltr'>quidem</span> <span class='ocrx_word' id='word_1_249' title='bbox 3786 2556 4127 2645; x_wconf 84' lang='lat' dir='ltr'>principes</span> 
     </span>
     <span class='ocr_line' id='line_1_23' title="bbox 1111 2658 4124 2751; baseline -0.001 -23"><span class='ocrx_word' id='word_1_250' title='bbox 1111 2668 1190 2735; x_wconf 78' lang='lat'>1...</span> <span class='ocrx_word' id='word_1_251' title='bbox 1245 2661 1659 2747; x_wconf 77' lang='lat' dir='ltr'>Memmius,</span> <span class='ocrx_word' id='word_1_252' title='bbox 1709 2664 1778 2731; x_wconf 71' lang='grc' dir='ltr'>ἃ</span> <span class='ocrx_word' id='word_1_253' title='bbox 1841 2668 1940 2751; x_wconf 24' lang='lat' dir='ltr'>Q&lt;</span> <span class='ocrx_word' id='word_1_254' title='bbox 1979 2664 2347 2750; x_wconf 77' lang='lat' dir='ltr'>Pompeius</span> <span class='ocrx_word' id='word_1_255' title='bbox 2386 2718 2421 2751; x_wconf 65' lang='lat'><strong>,</strong></span> <span class='ocrx_word' id='word_1_256' title='bbox 2475 2662 2581 2733; x_wconf 83' lang='lat' dir='ltr'>sed</span> <span class='ocrx_word' id='word_1_257' title='bbox 2634 2679 2932 2731; x_wconf 81' lang='lat' dir='ltr'>oratores</span> <span class='ocrx_word' id='word_1_258' title='bbox 2984 2678 3205 2731; x_wconf 89' lang='lat' dir='ltr'>tamen</span> <span class='ocrx_word' id='word_1_259' title='bbox 3254 2717 3274 2748; x_wconf 89' lang='lat'>,</span> <span class='ocrx_word' id='word_1_260' title='bbox 3346 2660 3504 2729; x_wconf 87' lang='lat' dir='ltr'>teste</span> <span class='ocrx_word' id='word_1_261' title='bbox 3556 2658 3793 2727; x_wconf 80' lang='lat' dir='ltr'>diserto</span> <span class='ocrx_word' id='word_1_262' title='bbox 3840 2674 4124 2747; x_wconf 82' lang='lat' dir='ltr'>uterque</span> 
     </span>
     <span class='ocr_line' id='line_1_24' title="bbox 1111 2758 4121 2850; baseline -0.002 -18"><span class='ocrx_word' id='word_1_263' title='bbox 1111 2762 1472 2850; x_wconf 62' lang='lat' dir='ltr'>Philippo,</span> <span class='ocrx_word' id='word_1_264' title='bbox 1511 2762 1728 2841; x_wconf 68' lang='lat' dir='ltr'>cuius·</span> <span class='ocrx_word' id='word_1_265' title='bbox 1761 2764 1850 2829; x_wconf 84' lang='lat' dir='ltr'>in.</span> <span class='ocrx_word' id='word_1_266' title='bbox 1883 2760 2263 2831; x_wconf 81' lang='lat' dir='ltr'>testimonio</span> <span class='ocrx_word' id='word_1_267' title='bbox 2310 2763 2651 2835; x_wconf 85' lang='lat' dir='ltr'>contentio</span> <span class='ocrx_word' id='word_1_268' title='bbox 2702 2768 2774 2835; x_wconf 77' lang='grc' dir='ltr'>δε</span> <span class='ocrx_word' id='word_1_269' title='bbox 2836 2764 2974 2832; x_wconf 70' lang='lat' dir='ltr'>vim</span> <span class='ocrx_word' id='word_1_270' title='bbox 3023 2762 3429 2833; x_wconf 74' lang='lat' dir='ltr'>accusatoris</span> <span class='ocrx_word' id='word_1_271' title='bbox 3480 2758 3958 2849; x_wconf 70' lang='lat' dir='ltr'>habebat·,.&amp;·</span> <span class='ocrx_word' id='word_1_272' title='bbox 3996 2778 4121 2825; x_wconf 86' lang='lat' dir='ltr'>co-</span> 
     </span>
     <span class='ocr_line' id='line_1_25' title="bbox 1117 2861 4131 2959; baseline -0.002 -26"><span class='ocrx_word' id='word_1_273' title='bbox 1117 2869 1350 2959; x_wconf 68' lang='lat' dir='ltr'>piam.</span> <span class='ocrx_word' id='word_1_274' title='bbox 1395 2864 1664 2954; x_wconf 86' lang='lat' dir='ltr'>Reliqui</span> <span class='ocrx_word' id='word_1_275' title='bbox 1709 2915 1733 2948; x_wconf 91' lang='lat'>,</span> <span class='ocrx_word' id='word_1_276' title='bbox 1805 2868 1920 2955; x_wconf 90' lang='lat' dir='ltr'>qui</span> <span class='ocrx_word' id='word_1_277' title='bbox 1976 2878 2122 2932; x_wconf 78' lang='lat' dir='ltr'>tum</span> <span class='ocrx_word' id='word_1_278' title='bbox 2174 2868 2518 2957; x_wconf 82' lang='lat' dir='ltr'>principes·</span> <span class='ocrx_word' id='word_1_279' title='bbox 2584 2866 3159 2951; x_wconf 78' lang='lat' dir='ltr'>numerabantur„</span> <span class='ocrx_word' id='word_1_280' title='bbox 3193 2866 3264 2933; x_wconf 92' lang='lat' dir='ltr'>in</span> <span class='ocrx_word' id='word_1_281' title='bbox 3318 2861 3808 2951; x_wconf 82' lang='lat' dir='ltr'>magistratibus</span> <span class='ocrx_word' id='word_1_282' title='bbox 3852 2876 4039 2929; x_wconf 90' lang='lat' dir='ltr'>erant</span> <span class='ocrx_word' id='word_1_283' title='bbox 4091 2913 4131 2947; x_wconf 72' lang='lat'>,</span> 
     </span>
     <span class='ocr_line' id='line_1_26' title="bbox 1116 2962 4115 3055; baseline -0.002 -22"><span class='ocrx_word' id='word_1_284' title='bbox 1116 2962 1534 3055; x_wconf 80' lang='lat' dir='ltr'>quotidieque</span> <span class='ocrx_word' id='word_1_285' title='bbox 1587 2964 1720 3031; x_wconf 84' lang='lat' dir='ltr'>fere</span> <span class='ocrx_word' id='word_1_286' title='bbox 1772 2985 1813 3031; x_wconf 94' lang='lat' dir='ltr'>a</span> <span class='ocrx_word' id='word_1_287' title='bbox 1857 2963 2046 3033; x_wconf 79' lang='lat' dir='ltr'>nobis</span> <span class='ocrx_word' id='word_1_288' title='bbox 2094 2967 2162 3031; x_wconf 83' lang='lat' dir='ltr'>in</span> <span class='ocrx_word' id='word_1_289' title='bbox 2220 2967 2647 3037; x_wconf 71' lang='lat' dir='ltr'>concionibus</span> <span class='ocrx_word' id='word_1_290' title='bbox 2692 2964 3156 3035; x_wconf 86' lang='lat' dir='ltr'>audiebantur.</span> <span class='ocrx_word' id='word_1_291' title='bbox 3210 2969 3371 3032; x_wconf 83' lang='lat' dir='ltr'>Erat</span> <span class='ocrx_word' id='word_1_292' title='bbox 3412 2964 3593 3033; x_wconf 84' lang='lat' dir='ltr'>enim</span> <span class='ocrx_word' id='word_1_293' title='bbox 3636 2963 3941 3037; x_wconf 85' lang='lat' dir='ltr'>tribunus</span> <span class='ocrx_word' id='word_1_294' title='bbox 3973 2962 4115 3051; x_wconf 84' lang='lat' dir='ltr'>ple·</span> 
     </span>
     <span class='ocr_line' id='line_1_27' title="bbox 1121 3064 4131 3162; baseline -0.002 -27"><span class='ocrx_word' id='word_1_295' title='bbox 1121 3064 1232 3137; x_wconf 81' lang='lat' dir='ltr'>bis,</span> <span class='ocrx_word' id='word_1_296' title='bbox 1269 3080 1416 3135; x_wconf 87' lang='lat' dir='ltr'>tum</span> <span class='ocrx_word' id='word_1_297' title='bbox 1467 3068 1543 3133; x_wconf 73' lang='lat' dir='ltr'>C.</span> <span class='ocrx_word' id='word_1_298' title='bbox 1603 3064 1844 3134; x_wconf 79' lang='lat' dir='ltr'>Curio:</span> <span class='ocrx_word' id='word_1_299' title='bbox 1899 3086 2303 3158; x_wconf 87' lang='lat' dir='ltr'>quanquam.</span> <span class='ocrx_word' id='word_1_300' title='bbox 2340 3071 2413 3137; x_wconf 75' lang='lat' dir='ltr'>is.</span> <span class='ocrx_word' id='word_1_301' title='bbox 2448 3070 2719 3162; x_wconf 78' lang='lat' dir='ltr'>quidem</span> <span class='ocrx_word' id='word_1_302' title='bbox 2773 3066 2990 3136; x_wconf 74' lang='lat' dir='ltr'>silebat</span> <span class='ocrx_word' id='word_1_303' title='bbox 3032 3122 3055 3154; x_wconf 88' lang='lat'>,</span> <span class='ocrx_word' id='word_1_304' title='bbox 3102 3084 3181 3137; x_wconf 89' lang='lat' dir='ltr'>ut</span> <span class='ocrx_word' id='word_1_305' title='bbox 3230 3083 3370 3135; x_wconf 86' lang='lat' dir='ltr'>erat</span> <span class='ocrx_word' id='word_1_306' title='bbox 3454 3064 3655 3134; x_wconf 88' lang='lat' dir='ltr'>semel</span> <span class='ocrx_word' id='word_1_307' title='bbox 3706 3089 3747 3135; x_wconf 93' lang='lat' dir='ltr'>a</span> <span class='ocrx_word' id='word_1_308' title='bbox 3800 3065 4131 3136; x_wconf 82' lang='lat' dir='ltr'>concione-</span> 
     </span>
     <span class='ocr_line' id='line_1_28' title="bbox 1118 3166 4123 3262; baseline -0.003 -22"><span class='ocrx_word' id='word_1_309' title='bbox 1118 3166 1436 3240; x_wconf 86' lang='lat' dir='ltr'>universa</span> <span class='ocrx_word' id='word_1_310' title='bbox 1487 3168 1754 3236; x_wconf 60' lang='lat' dir='ltr'>relietus</span> <span class='ocrx_word' id='word_1_311' title='bbox 1799 3214 1833 3234; x_wconf 74' lang='lat'><strong>„</strong></span> <span class='ocrx_word' id='word_1_312' title='bbox 1889 3174 1978 3254; x_wconf 77' lang='lat' dir='ltr'>Q</span> <span class='ocrx_word' id='word_1_313' title='bbox 2057 3171 2369 3240; x_wconf 84' lang='lat' dir='ltr'>Metellus</span> <span class='ocrx_word' id='word_1_314' title='bbox 2418 3174 2614 3241; x_wconf 86' lang='lat' dir='ltr'>Celer</span> <span class='ocrx_word' id='word_1_315' title='bbox 2651 3225 2674 3259; x_wconf 80' lang='lat'><strong>,</strong></span> <span class='ocrx_word' id='word_1_316' title='bbox 2746 3193 2881 3240; x_wconf 89' lang='lat' dir='ltr'>non</span> <span class='ocrx_word' id='word_1_317' title='bbox 2934 3170 3046 3239; x_wconf 89' lang='lat' dir='ltr'>ille</span> <span class='ocrx_word' id='word_1_318' title='bbox 3096 3170 3369 3262; x_wconf 87' lang='lat' dir='ltr'>quidem</span> <span class='ocrx_word' id='word_1_319' title='bbox 3418 3184 3682 3256; x_wconf 82' lang='lat' dir='ltr'>orator,</span> <span class='ocrx_word' id='word_1_320' title='bbox 3732 3169 3841 3238; x_wconf 89' lang='lat' dir='ltr'>sed</span> <span class='ocrx_word' id='word_1_321' title='bbox 3889 3185 4123 3235; x_wconf 81' lang='lat' dir='ltr'>tamen</span> 
     </span>
     <span class='ocr_line' id='line_1_29' title="bbox 1123 3267 4123 3361; baseline -0.001 -22"><span class='ocrx_word' id='word_1_322' title='bbox 1123 3291 1266 3339; x_wconf 81' lang='lat' dir='ltr'>non</span> <span class='ocrx_word' id='word_1_323' title='bbox 1319 3268 1598 3337; x_wconf 64' lang='lat' dir='ltr'>infanst·</span> <span class='ocrx_word' id='word_1_324' title='bbox 1632 3267 1858 3338; x_wconf 76' lang='lat' dir='ltr'>diserti</span> <span class='ocrx_word' id='word_1_325' title='bbox 1909 3286 2148 3339; x_wconf 89' lang='lat' dir='ltr'>autem·</span> <span class='ocrx_word' id='word_1_326' title='bbox 2186 3276 2275 3356; x_wconf 75' lang='lat' dir='ltr'>Q</span> <span class='ocrx_word' id='word_1_327' title='bbox 2326 3275 2609 3360; x_wconf 70' lang='lat' dir='ltr'>VariuS,</span> <span class='ocrx_word' id='word_1_328' title='bbox 2656 3279 2736 3340; x_wconf 87' lang='lat' dir='ltr'>C.</span> <span class='ocrx_word' id='word_1_329' title='bbox 2771 3272 3027 3359; x_wconf 72' lang='lat' dir='ltr'>Carbo,</span> <span class='ocrx_word' id='word_1_330' title='bbox 3076 3278 3202 3340; x_wconf 90' lang='lat' dir='ltr'>Cn.</span> <span class='ocrx_word' id='word_1_331' title='bbox 3254 3273 3699 3361; x_wconf 80' lang='lat' dir='ltr'>Pomponius:</span> <span class='ocrx_word' id='word_1_332' title='bbox 3756 3273 3837 3344; x_wconf 74' lang='grc' dir='ltr'>δι,</span> <span class='ocrx_word' id='word_1_333' title='bbox 3886 3272 3933 3336; x_wconf 89' lang='lat' dir='ltr'>ii</span> <span class='ocrx_word' id='word_1_334' title='bbox 3970 3271 4123 3360; x_wconf 80' lang='lat' dir='ltr'>qui-</span> 
     </span>
     <span class='ocr_line' id='line_1_30' title="bbox 1123 3366 4127 3463; baseline -0.001 -23"><span class='ocrx_word' id='word_1_335' title='bbox 1123 3371 1294 3440; x_wconf 78' lang='lat' dir='ltr'>dem-</span> <span class='ocrx_word' id='word_1_336' title='bbox 1332 3366 1716 3438; x_wconf 82' lang='lat' dir='ltr'>habitabant</span> <span class='ocrx_word' id='word_1_337' title='bbox 1769 3373 1840 3438; x_wconf 90' lang='lat' dir='ltr'>in</span> <span class='ocrx_word' id='word_1_338' title='bbox 1887 3371 2160 3440; x_wconf 87' lang='lat' dir='ltr'>rostris..</span> <span class='ocrx_word' id='word_1_339' title='bbox 2197 3379 2274 3442; x_wconf 81' lang='lat' dir='ltr'>C.</span> <span class='ocrx_word' id='word_1_340' title='bbox 2323 3376 2524 3444; x_wconf 88' lang='lat' dir='ltr'>etiam</span> <span class='ocrx_word' id='word_1_341' title='bbox 2574 3376 2852 3463; x_wconf 78' lang='lat' dir='ltr'>Julius„</span> <span class='ocrx_word' id='word_1_342' title='bbox 2878 3375 3084 3444; x_wconf 77' lang='lat' dir='ltr'>aedili&#39;s</span> <span class='ocrx_word' id='word_1_343' title='bbox 3128 3376 3426 3461; x_wconf 70' lang='lat' dir='ltr'>curulis,</span> <span class='ocrx_word' id='word_1_344' title='bbox 3471 3370 3759 3462; x_wconf 78' lang='lat' dir='ltr'>quotidie</span> <span class='ocrx_word' id='word_1_345' title='bbox 3811 3371 3955 3463; x_wconf 53' lang='grc' dir='ltr'>ὥς</span> <span class='ocrx_word' id='word_1_346' title='bbox 4010 3389 4127 3438; x_wconf 80' lang='lat' dir='ltr'>ac-</span> 
     </span>
     <span class='ocr_line' id='line_1_31' title="bbox 1129 3469 4146 3566; baseline -0 -24"><span class='ocrx_word' id='word_1_347' title='bbox 1129 3487 1418 3542; x_wconf 77' lang='lat' dir='ltr'>curatas.</span> <span class='ocrx_word' id='word_1_348' title='bbox 1439 3472 1794 3541; x_wconf 85' lang='lat' dir='ltr'>conciones·</span> <span class='ocrx_word' id='word_1_349' title='bbox 1836 3470 2162 3541; x_wconf 80' lang='lat' dir='ltr'>habebat..</span> <span class='ocrx_word' id='word_1_350' title='bbox 2204 3477 2331 3542; x_wconf 84' lang='lat' dir='ltr'>Sed</span> <span class='ocrx_word' id='word_1_351' title='bbox 2384 3497 2495 3544; x_wconf 84' lang='lat' dir='ltr'>me</span> <span class='ocrx_word' id='word_1_352' title='bbox 2539 3477 3023 3566; x_wconf 74' lang='lat' dir='ltr'>cupidissimum</span> <span class='ocrx_word' id='word_1_353' title='bbox 3074 3477 3383 3545; x_wconf 87' lang='lat' dir='ltr'>audiendi</span> <span class='ocrx_word' id='word_1_354' title='bbox 3432 3476 3693 3563; x_wconf 58' lang='lat' dir='ltr'>primus</span> <span class='ocrx_word' id='word_1_355' title='bbox 3708 3469 3899 3538; x_wconf 79' lang='lat' dir='ltr'>dolor</span> <span class='ocrx_word' id='word_1_356' title='bbox 3958 3493 4146 3560; x_wconf 66' lang='lat' dir='ltr'>per--</span> 
     </span>
     <span class='ocr_line' id='line_1_32' title="bbox 1131 3571 4121 3670; baseline 0.001 -28"><span class='ocrx_word' id='word_1_357' title='bbox 1131 3571 1359 3656; x_wconf 75' lang='lat' dir='ltr'>cussit,</span> <span class='ocrx_word' id='word_1_358' title='bbox 1407 3575 1606 3639; x_wconf 88' lang='lat' dir='ltr'>Cotta·</span> <span class='ocrx_word' id='word_1_359' title='bbox 1654 3594 1812 3643; x_wconf 86' lang='lat' dir='ltr'>cum</span> <span class='ocrx_word' id='word_1_360' title='bbox 1861 3571 1956 3641; x_wconf 84' lang='lat' dir='ltr'>est</span> <span class='ocrx_word' id='word_1_361' title='bbox 2003 3573 2373 3664; x_wconf 82' lang='lat' dir='ltr'>expulsus..</span> <span class='ocrx_word' id='word_1_362' title='bbox 2410 3577 2743 3670; x_wconf 85' lang='lat' dir='ltr'>Reliquos</span> <span class='ocrx_word' id='word_1_363' title='bbox 2789 3578 3163 3668; x_wconf 86' lang='lat' dir='ltr'>frequenter</span> <span class='ocrx_word' id='word_1_364' title='bbox 3215 3577 3491 3646; x_wconf 81' lang='lat' dir='ltr'>audiens</span> <span class='ocrx_word' id='word_1_365' title='bbox 3552 3573 3931 3642; x_wconf 70' lang='lat' dir='ltr'>accerrimo·</span> <span class='ocrx_word' id='word_1_366' title='bbox 3986 3571 4121 3644; x_wconf 85' lang='lat' dir='ltr'>stu·</span> 
     </span>
     <span class='ocr_line' id='line_1_33' title="bbox 1129 3669 4115 3770; baseline -0.001 -28"><span class='ocrx_word' id='word_1_367' title='bbox 1129 3671 1262 3742; x_wconf 79' lang='lat' dir='ltr'>dio-</span> <span class='ocrx_word' id='word_1_368' title='bbox 1291 3669 1553 3740; x_wconf 89' lang='lat' dir='ltr'>tenebar</span> <span class='ocrx_word' id='word_1_369' title='bbox 1599 3723 1622 3760; x_wconf 84' lang='lat'>‚</span> <span class='ocrx_word' id='word_1_370' title='bbox 1667 3676 2090 3764; x_wconf 80' lang='lat' dir='ltr'>quotidieque</span> <span class='ocrx_word' id='word_1_371' title='bbox 2137 3673 2233 3746; x_wconf 64' lang='lat' dir='ltr'>&amp;J</span> <span class='ocrx_word' id='word_1_372' title='bbox 2267 3675 2557 3758; x_wconf 78' lang='lat' dir='ltr'>scribens</span> <span class='ocrx_word' id='word_1_373' title='bbox 2597 3733 2620 3767; x_wconf 84' lang='lat'>‚</span> <span class='ocrx_word' id='word_1_374' title='bbox 2675 3681 2753 3749; x_wconf 74' lang='grc' dir='ltr'>δι</span> <span class='ocrx_word' id='word_1_375' title='bbox 2804 3679 3033 3770; x_wconf 80' lang='lat' dir='ltr'>legens</span> <span class='ocrx_word' id='word_1_376' title='bbox 3065 3732 3088 3766; x_wconf 80' lang='lat'>‚</span> <span class='ocrx_word' id='word_1_377' title='bbox 3134 3681 3205 3750; x_wconf 72' lang='grc' dir='ltr'>δι</span> <span class='ocrx_word' id='word_1_378' title='bbox 3258 3695 3776 3759; x_wconf 84' lang='lat' dir='ltr'>commentans-‚·</span> <span class='ocrx_word' id='word_1_379' title='bbox 3809 3675 4115 3742; x_wconf 85' lang='lat' dir='ltr'>oratoriis</span> 
     </span>
     <span class='ocr_line' id='line_1_34' title="bbox 1135 3774 4109 3871; baseline 0 -31"><span class='ocrx_word' id='word_1_380' title='bbox 1135 3789 1364 3840; x_wconf 80' lang='lat' dir='ltr'>tamen</span> <span class='ocrx_word' id='word_1_381' title='bbox 1413 3774 2010 3845; x_wconf 58' lang='lat' dir='ltr'>exercitationibus</span> <span class='ocrx_word' id='word_1_382' title='bbox 2043 3793 2409 3846; x_wconf 86' lang='lat' dir='ltr'>contentus·</span> <span class='ocrx_word' id='word_1_383' title='bbox 2444 3803 2579 3848; x_wconf 92' lang='lat' dir='ltr'>non</span> <span class='ocrx_word' id='word_1_384' title='bbox 2632 3800 2853 3848; x_wconf 82' lang='lat' dir='ltr'>eram.</span> <span class='ocrx_word' id='word_1_385' title='bbox 2909 3782 3075 3859; x_wconf 75' lang='lat' dir='ltr'>Iam-2</span> <span class='ocrx_word' id='word_1_386' title='bbox 3108 3779 3553 3871; x_wconf 75' lang='lat' dir='ltr'>consequente.</span> <span class='ocrx_word' id='word_1_387' title='bbox 3591 3796 3773 3845; x_wconf 90' lang='lat' dir='ltr'>anno</span> <span class='ocrx_word' id='word_1_388' title='bbox 3840 3779 3932 3858; x_wconf 79' lang='lat' dir='ltr'>Q</span> <span class='ocrx_word' id='word_1_389' title='bbox 3986 3779 4109 3841; x_wconf 76' lang='lat' dir='ltr'>Va-</span> 
     </span>
     <span class='ocr_line' id='line_1_35' title="bbox 1139 3870 4107 3976; baseline 0.001 -34"><span class='ocrx_word' id='word_1_390' title='bbox 1139 3875 1292 3976; x_wconf 72' lang='lat' dir='ltr'>rius</span> <span class='ocrx_word' id='word_1_391' title='bbox 1332 3870 1448 3942; x_wconf 88' lang='lat' dir='ltr'>sua</span> <span class='ocrx_word' id='word_1_392' title='bbox 1501 3874 1652 3964; x_wconf 87' lang='lat' dir='ltr'>lege</span> <span class='ocrx_word' id='word_1_393' title='bbox 1698 3874 2060 3948; x_wconf 78' lang='lat' dir='ltr'>damnatus</span> <span class='ocrx_word' id='word_1_394' title='bbox 2107 3883 2493 3950; x_wconf 69' lang='lat' dir='ltr'>excesserat.</span> <span class='ocrx_word' id='word_1_395' title='bbox 2544 3884 2710 3970; x_wconf 85' lang='lat' dir='ltr'>Ego.</span> <span class='ocrx_word' id='word_1_396' title='bbox 2738 3897 2963 3950; x_wconf 87' lang='lat' dir='ltr'>autem</span> <span class='ocrx_word' id='word_1_397' title='bbox 2984 3935 3019 3968; x_wconf 89' lang='lat'>‚.</span> <span class='ocrx_word' id='word_1_398' title='bbox 3054 3881 3233 3959; x_wconf 75' lang='lat' dir='ltr'>i‘uris-</span> <span class='ocrx_word' id='word_1_399' title='bbox 3252 3882 3476 3951; x_wconf 72' lang='lat' dir='ltr'>civilis</span> <span class='ocrx_word' id='word_1_400' title='bbox 3522 3878 3793 3966; x_wconf 82' lang='lat' dir='ltr'>studio‚.</span> <span class='ocrx_word' id='word_1_401' title='bbox 3818 3877 4107 3945; x_wconf 84' lang='lat' dir='ltr'>multum</span> 
     </span>
     <span class='ocr_line' id='line_1_36' title="bbox 1137 3972 4099 4073; baseline 0 -29"><span class='ocrx_word' id='word_1_402' title='bbox 1137 3995 1361 4064; x_wconf 68' lang='lat' dir='ltr'>opere-</span> <span class='ocrx_word' id='word_1_403' title='bbox 1391 3972 1644 4043; x_wconf 81' lang='lat' dir='ltr'>dabam·</span> <span class='ocrx_word' id='word_1_404' title='bbox 1683 3982 1788 4063; x_wconf 79' lang='lat' dir='ltr'>Q.</span> <span class='ocrx_word' id='word_1_405' title='bbox 1823 3974 2165 4067; x_wconf 74' lang='lat' dir='ltr'>Scaevolae,</span> <span class='ocrx_word' id='word_1_406' title='bbox 2220 3983 2307 4046; x_wconf 84' lang='lat' dir='ltr'>P..</span> <span class='ocrx_word' id='word_1_407' title='bbox 2342 3980 2527 4069; x_wconf 84' lang='lat' dir='ltr'>filio,</span> <span class='ocrx_word' id='word_1_408' title='bbox 2578 3984 2691 4072; x_wconf 87' lang='lat' dir='ltr'>qui</span> <span class='ocrx_word' id='word_1_409' title='bbox 2742 4001 3135 4073; x_wconf 82' lang='lat' dir='ltr'>quanquam</span> <span class='ocrx_word' id='word_1_410' title='bbox 3182 3983 3435 4051; x_wconf 87' lang='lat' dir='ltr'>nemini</span> <span class='ocrx_word' id='word_1_411' title='bbox 3491 3980 3554 4049; x_wconf 72' lang='lat' dir='ltr'>se</span> <span class='ocrx_word' id='word_1_412' title='bbox 3605 3982 3691 4048; x_wconf 83' lang='lat' dir='ltr'>ad</span> <span class='ocrx_word' id='word_1_413' title='bbox 3741 3975 4099 4049; x_wconf 76' lang='lat' dir='ltr'>docendum</span> 
     </span>
     <span class='ocr_line' id='line_1_37' title="bbox 1137 4074 4096 4170; baseline -0.001 -24"><span class='ocrx_word' id='word_1_414' title='bbox 1137 4074 1388 4165; x_wconf 80' lang='lat' dir='ltr'>dabat„</span> <span class='ocrx_word' id='word_1_415' title='bbox 1424 4092 1714 4166; x_wconf 82' lang='lat' dir='ltr'>tamen,.</span> <span class='ocrx_word' id='word_1_416' title='bbox 1742 4078 2234 4151; x_wconf 82' lang='lat' dir='ltr'>consulentibus</span> <span class='ocrx_word' id='word_1_417' title='bbox 2286 4078 2789 4170; x_wconf 50' lang='lat' dir='ltr'>respondendo„</span> <span class='ocrx_word' id='word_1_418' title='bbox 2830 4079 3155 4152; x_wconf 83' lang='lat' dir='ltr'>studiosos·</span> <span class='ocrx_word' id='word_1_419' title='bbox 3184 4083 3505 4150; x_wconf 74' lang='lat' dir='ltr'>audiendi</span> <span class='ocrx_word' id='word_1_420' title='bbox 3530 4079 3842 4152; x_wconf 66' lang='lat' dir='ltr'>dbcebat-</span> <span class='ocrx_word' id='word_1_421' title='bbox 3880 4083 4096 4166; x_wconf 82' lang='lat' dir='ltr'>Atque</span> 
     </span>
     <span class='ocr_line' id='line_1_38' title="bbox 1137 4177 4101 4277; baseline -0 -31"><span class='ocrx_word' id='word_1_422' title='bbox 1137 4177 1295 4248; x_wconf 84' lang='lat' dir='ltr'>huic</span> <span class='ocrx_word' id='word_1_423' title='bbox 1353 4199 1550 4246; x_wconf 79' lang='lat' dir='ltr'>anno·</span> <span class='ocrx_word' id='word_1_424' title='bbox 1581 4179 1935 4268; x_wconf 72' lang='lat' dir='ltr'>proximus</span> <span class='ocrx_word' id='word_1_425' title='bbox 1975 4182 2179 4266; x_wconf 78' lang='lat' dir='ltr'>Sylla.</span> <span class='ocrx_word' id='word_1_426' title='bbox 2216 4181 2489 4252; x_wconf 85' lang='lat' dir='ltr'>consule</span> <span class='ocrx_word' id='word_1_427' title='bbox 2527 4238 2548 4274; x_wconf 87' lang='lat'><strong>,</strong></span> <span class='ocrx_word' id='word_1_428' title='bbox 2620 4187 2691 4256; x_wconf 84' lang='lat'>&amp;</span> <span class='ocrx_word' id='word_1_429' title='bbox 2746 4185 3066 4277; x_wconf 75' lang='lat' dir='ltr'>Pompeio</span> <span class='ocrx_word' id='word_1_430' title='bbox 3116 4183 3241 4254; x_wconf 85' lang='lat' dir='ltr'>fuit</span> <span class='ocrx_word' id='word_1_431' title='bbox 3280 4232 3299 4252; x_wconf 89' lang='lat'><strong>.</strong></span> <span class='ocrx_word' id='word_1_432' title='bbox 3352 4187 3557 4252; x_wconf 78' lang='lat' dir='ltr'>Tum.</span> <span class='ocrx_word' id='word_1_433' title='bbox 3594 4187 3671 4249; x_wconf 70' lang='lat' dir='ltr'>R.</span> <span class='ocrx_word' id='word_1_434' title='bbox 3720 4179 3993 4270; x_wconf 79' lang='lat' dir='ltr'>Sulpicii</span> <span class='ocrx_word' id='word_1_435' title='bbox 4030 4180 4101 4245; x_wconf 88' lang='lat' dir='ltr'>in</span> 
     </span>
     <span class='ocr_line' id='line_1_39' title="bbox 1137 4280 4097 4378; baseline 0 -33"><span class='ocrx_word' id='word_1_436' title='bbox 1137 4280 1476 4350; x_wconf 84' lang='lat' dir='ltr'>tribunatu</span> <span class='ocrx_word' id='word_1_437' title='bbox 1546 4280 1829 4370; x_wconf 69' lang='lat' dir='ltr'>qpotidie</span> <span class='ocrx_word' id='word_1_438' title='bbox 1895 4283 2351 4353; x_wconf 82' lang='lat' dir='ltr'>concionantis</span> <span class='ocrx_word' id='word_1_439' title='bbox 2417 4303 2633 4355; x_wconf 89' lang='lat' dir='ltr'>totum</span> <span class='ocrx_word' id='word_1_440' title='bbox 2702 4307 2919 4376; x_wconf 71' lang='lat' dir='ltr'>genus</span> <span class='ocrx_word' id='word_1_441' title='bbox 2998 4287 3257 4357; x_wconf 87' lang='lat' dir='ltr'>dicendi</span> <span class='ocrx_word' id='word_1_442' title='bbox 3328 4287 3587 4378; x_wconf 82' lang='lat' dir='ltr'>penitus</span> <span class='ocrx_word' id='word_1_443' title='bbox 3636 4283 4097 4375; x_wconf 77' lang='lat' dir='ltr'>cognovimus.</span> 
     </span>
     <span class='ocr_line' id='line_1_40' title="bbox 1141 4381 4098 4478; baseline 0.001 -33"><span class='ocrx_word' id='word_1_444' title='bbox 1141 4382 1530 4469; x_wconf 74' lang='lat' dir='ltr'>Eodemque</span> <span class='ocrx_word' id='word_1_445' title='bbox 1572 4399 1864 4470; x_wconf 89' lang='lat' dir='ltr'>tempore</span> <span class='ocrx_word' id='word_1_446' title='bbox 1913 4406 2072 4454; x_wconf 90' lang='lat' dir='ltr'>cum</span> <span class='ocrx_word' id='word_1_447' title='bbox 2126 4389 2447 4478; x_wconf 84' lang='lat' dir='ltr'>princeps-</span> <span class='ocrx_word' id='word_1_448' title='bbox 2480 4387 2857 4478; x_wconf 70' lang='lat' dir='ltr'>Academia·</span> <span class='ocrx_word' id='word_1_449' title='bbox 2906 4389 3101 4458; x_wconf 75' lang='lat' dir='ltr'>Philo</span> <span class='ocrx_word' id='word_1_450' title='bbox 3147 4411 3320 4459; x_wconf 88' lang='lat' dir='ltr'>cum.</span> <span class='ocrx_word' id='word_1_451' title='bbox 3380 4385 3883 4457; x_wconf 62' lang='lat' dir='ltr'>Atheniensium</span> <span class='ocrx_word' id='word_1_452' title='bbox 3954 4381 4098 4470; x_wconf 86' lang='lat' dir='ltr'>opti-</span> 
     </span>
     <span class='ocr_line' id='line_1_41' title="bbox 1141 4480 4112 4582; baseline 0.002 -34"><span class='ocrx_word' id='word_1_453' title='bbox 1141 4480 1450 4548; x_wconf 43' lang='lat' dir='ltr'>matibus*</span> <span class='ocrx_word' id='word_1_454' title='bbox 1501 4482 1978 4556; x_wconf 75' lang='lat' dir='ltr'>Mithridatico·</span> <span class='ocrx_word' id='word_1_455' title='bbox 2007 4488 2186 4558; x_wconf 85' lang='lat' dir='ltr'>bello</span> <span class='ocrx_word' id='word_1_456' title='bbox 2253 4489 2492 4558; x_wconf 55' lang='lat' dir='ltr'>domo*</span> <span class='ocrx_word' id='word_1_457' title='bbox 2523 4489 2911 4582; x_wconf 72' lang='lat' dir='ltr'>profugisset·</span> <span class='ocrx_word' id='word_1_458' title='bbox 2946 4541 2967 4577; x_wconf 86' lang='lat'><strong>,</strong></span> <span class='ocrx_word' id='word_1_459' title='bbox 3022 4495 3447 4580; x_wconf 79' lang='lat' dir='ltr'>Romamque</span> <span class='ocrx_word' id='word_1_460' title='bbox 3512 4485 3843 4574; x_wconf 83' lang='lat' dir='ltr'>venisset,</span> <span class='ocrx_word' id='word_1_461' title='bbox 3898 4501 4112 4556; x_wconf 75' lang='lat' dir='ltr'>totum.</span> 
     </span>
     <span class='ocr_line' id='line_1_42' title="bbox 1139 4581 4101 4680; baseline 0.001 -31"><span class='ocrx_word' id='word_1_462' title='bbox 1139 4582 1202 4649; x_wconf 86' lang='lat' dir='ltr'>ei</span> <span class='ocrx_word' id='word_1_463' title='bbox 1257 4601 1366 4649; x_wconf 87' lang='lat' dir='ltr'>me</span> <span class='ocrx_word' id='word_1_464' title='bbox 1416 4581 1694 4669; x_wconf 84' lang='lat' dir='ltr'>tradidi,</span> <span class='ocrx_word' id='word_1_465' title='bbox 1743 4585 2106 4658; x_wconf 78' lang='lat' dir='ltr'>admirabili</span> <span class='ocrx_word' id='word_1_466' title='bbox 2157 4591 2464 4680; x_wconf 82' lang='lat' dir='ltr'>quodam.</span> <span class='ocrx_word' id='word_1_467' title='bbox 2500 4591 2583 4658; x_wconf 91' lang='lat' dir='ltr'>ad</span> <span class='ocrx_word' id='word_1_468' title='bbox 2634 4590 3108 4680; x_wconf 79' lang='lat' dir='ltr'>philosophiam</span> <span class='ocrx_word' id='word_1_469' title='bbox 3162 4590 3369 4660; x_wconf 73' lang='lat' dir='ltr'>studio</span> <span class='ocrx_word' id='word_1_470' title='bbox 3416 4593 3823 4661; x_wconf 81' lang='lat' dir='ltr'>concitatus:</span> <span class='ocrx_word' id='word_1_471' title='bbox 3876 4589 3947 4656; x_wconf 88' lang='lat' dir='ltr'>in</span> <span class='ocrx_word' id='word_1_472' title='bbox 3982 4605 4101 4677; x_wconf 84' lang='lat' dir='ltr'>quo</span> 
     </span>
     <span class='ocr_line' id='line_1_43' title="bbox 1139 4675 4099 4782; baseline 0.003 -28"><span class='ocrx_word' id='word_1_473' title='bbox 1139 4681 1272 4754; x_wconf 79' lang='lat' dir='ltr'>hoc</span> <span class='ocrx_word' id='word_1_474' title='bbox 1322 4682 1532 4750; x_wconf 83' lang='lat' dir='ltr'>etiam·</span> <span class='ocrx_word' id='word_1_475' title='bbox 1573 4687 2022 4756; x_wconf 82' lang='lat' dir='ltr'>commorabar</span> <span class='ocrx_word' id='word_1_476' title='bbox 2073 4691 2428 4776; x_wconf 81' lang='lat' dir='ltr'>attentius,</span> <span class='ocrx_word' id='word_1_477' title='bbox 2480 4693 2704 4781; x_wconf 83' lang='lat' dir='ltr'>quod,</span> <span class='ocrx_word' id='word_1_478' title='bbox 2750 4694 2868 4759; x_wconf 79' lang='lat' dir='ltr'>etii</span> <span class='ocrx_word' id='word_1_479' title='bbox 2916 4713 3141 4759; x_wconf 82' lang='lat' dir='ltr'>rerum</span> <span class='ocrx_word' id='word_1_480' title='bbox 3192 4691 3481 4782; x_wconf 89' lang='lat' dir='ltr'>ipsarum</span> <span class='ocrx_word' id='word_1_481' title='bbox 3536 4692 3935 4761; x_wconf 63' lang='lat' dir='ltr'>varietas&amp;</span> <span class='ocrx_word' id='word_1_482' title='bbox 3976 4675 4099 4778; x_wconf 71' lang='lat' dir='ltr'>ma·-</span> 
     </span>
     <span class='ocr_line' id='line_1_44' title="bbox 1143 4782 4099 4882; baseline 0.002 -30"><span class='ocrx_word' id='word_1_483' title='bbox 1143 4783 1424 4882; x_wconf 67' lang='lat' dir='ltr'>gnitudo</span> <span class='ocrx_word' id='word_1_484' title='bbox 1476 4782 1731 4854; x_wconf 88' lang='lat' dir='ltr'>summa</span> <span class='ocrx_word' id='word_1_485' title='bbox 1785 4809 1895 4855; x_wconf 90' lang='lat' dir='ltr'>me</span> <span class='ocrx_word' id='word_1_486' title='bbox 1959 4788 2399 4858; x_wconf 62' lang='lat' dir='ltr'>delectatione</span> <span class='ocrx_word' id='word_1_487' title='bbox 2446 4793 2826 4881; x_wconf 81' lang='lat' dir='ltr'>retinebat,</span> <span class='ocrx_word' id='word_1_488' title='bbox 2892 4810 3113 4862; x_wconf 87' lang='lat' dir='ltr'>tamen</span> <span class='ocrx_word' id='word_1_489' title='bbox 3168 4792 3429 4864; x_wconf 82' lang='lat' dir='ltr'>sublata.</span> <span class='ocrx_word' id='word_1_490' title='bbox 3472 4795 3611 4874; x_wconf 86' lang='lat' dir='ltr'>jam</span> <span class='ocrx_word' id='word_1_491' title='bbox 3678 4791 3807 4862; x_wconf 81' lang='lat' dir='ltr'>effe</span> <span class='ocrx_word' id='word_1_492' title='bbox 3852 4793 3923 4860; x_wconf 91' lang='lat' dir='ltr'>in</span> <span class='ocrx_word' id='word_1_493' title='bbox 3974 4795 4099 4880; x_wconf 68' lang='lat' dir='ltr'>per·</span> 
     </span>
     <span class='ocr_line' id='line_1_45' title="bbox 1147 4888 4095 4985; baseline 0.002 -29"><span class='ocrx_word' id='word_1_494' title='bbox 1147 4905 1422 4984; x_wconf 69' lang='lat' dir='ltr'>petuum</span> <span class='ocrx_word' id='word_1_495' title='bbox 1473 4888 1656 4956; x_wconf 85' lang='lat' dir='ltr'>ratio.</span> <span class='ocrx_word' id='word_1_496' title='bbox 1685 4889 2081 4968; x_wconf 77' lang='lat' dir='ltr'>judiciorum</span> <span class='ocrx_word' id='word_1_497' title='bbox 2133 4890 2473 4962; x_wconf 75' lang='lat' dir='ltr'>videbatur</span> <span class='ocrx_word' id='word_1_498' title='bbox 2516 4941 2553 4959; x_wconf 87' lang='lat'>..</span> <span class='ocrx_word' id='word_1_499' title='bbox 2605 4894 2957 4966; x_wconf 77' lang='lat' dir='ltr'>Occiderat</span> <span class='ocrx_word' id='word_1_500' title='bbox 3006 4895 3337 4985; x_wconf 83' lang='lat' dir='ltr'>Sulpicius</span> <span class='ocrx_word' id='word_1_501' title='bbox 3388 4897 3526 4969; x_wconf 86' lang='lat' dir='ltr'>illo.</span> <span class='ocrx_word' id='word_1_502' title='bbox 3556 4915 3741 4966; x_wconf 84' lang='lat' dir='ltr'>anno</span> <span class='ocrx_word' id='word_1_503' title='bbox 3780 4945 3815 4979; x_wconf 63' lang='grc'><strong>,</strong></span> <span class='ocrx_word' id='word_1_504' title='bbox 3853 4891 4095 4983; x_wconf 69' lang='lat' dir='ltr'>tresque</span> 
     </span>
    </p>
   </div>
   <div class='ocr_carea' id='block_1_3' title="bbox 1142 4991 4109 5170">
    <p class='ocr_par' dir='ltr' id='par_1_3' title="bbox 1142 4991 4109 5170">
     <span class='ocr_line' id='line_1_46' title="bbox 1142 4991 4109 5096; baseline 0.005 -40"><span class='ocrx_word' id='word_1_505' title='bbox 1142 4992 1464 5085; x_wconf 73' lang='lat' dir='ltr'>proximo·</span> <span class='ocrx_word' id='word_1_506' title='bbox 1530 4991 1730 5060; x_wconf 84' lang='lat' dir='ltr'>trium</span> <span class='ocrx_word' id='word_1_507' title='bbox 1777 5009 2056 5063; x_wconf 80' lang='lat' dir='ltr'>aetaturn</span> <span class='ocrx_word' id='word_1_508' title='bbox 2093 5009 2395 5096; x_wconf 64' lang='lat' dir='ltr'>oratoresg</span> <span class='ocrx_word' id='word_1_509' title='bbox 2446 5013 2629 5070; x_wconf 72' lang='lat' dir='ltr'>erant</span> <span class='ocrx_word' id='word_1_510' title='bbox 2700 4996 3141 5069; x_wconf 71' lang='lat' dir='ltr'>crudeliffime.</span> <span class='ocrx_word' id='word_1_511' title='bbox 3180 4999 3579 5088; x_wconf 63' lang='lat' dir='ltr'>interfeffl„</span> <span class='ocrx_word' id='word_1_512' title='bbox 3634 5005 3730 5085; x_wconf 79' lang='lat' dir='ltr'>Q</span> <span class='ocrx_word' id='word_1_513' title='bbox 3772 4995 4047 5064; x_wconf 79' lang='lat' dir='ltr'>catulus</span> <span class='ocrx_word' id='word_1_514' title='bbox 4072 5041 4109 5075; x_wconf 67' lang='lat'>2.</span> 
     </span>
     <span class='ocr_line' id='line_1_47' title="bbox 3624 5099 4005 5170; baseline -0.005 -1"><span class='ocrx_word' id='word_1_515' title='bbox 3624 5123 3637 5136; x_wconf 73' lang='lat'><strong><em>‘</em></strong></span> <span class='ocrx_word' id='word_1_516' title='bbox 3712 5099 3819 5170; x_wconf 75' lang='lat' dir='ltr'>M..</span> <span class='ocrx_word' id='word_1_517' title='bbox 3865 5099 4005 5167; x_wconf 69' lang='lat' dir='ltr'>Ane-</span> 
     </span>
    </p>
   </div>
  </div>
 </body>
</html>
