4359 6321
259 577 606 652 cansarum
668 597 918 670 genera
966 581 1162 650 fimili
1213 575 1554 668 implicata
1603 582 2050 654 controverfia
2088 631 2110 670 ‚
2156 588 2354 656 nulla
2402 609 2573 661 cum
2610 508 3269 670 difficultate4t9rans.

259 682 552 754 ferunt
577 705 598 747 t
651 679 794 773 post
842 696 1060 754 autem
1113 681 1466 770 separatim
1515 681 1596 748 de
1647 683 1918 773 reliquis
1963 683 2307 756 dicemus.
3046 731 3053 743 ·

350 793 500 872 (a)
557 788 764 852 Nunc
811 801 852 850 a
895 781 1328 863 ooniosturali
1379 779 1844 852 constitutione
1894 783 2395 872 proficistemur
2433 841 2455 878 ‚
2500 793 2697 875 cujus
2740 791 3161 880 exemplum.
3185 797 3268 866 fit

249 885 380 956 hoc
431 885 813 974 expolitum
855 911 874 952 z
949 887 1031 952 In
1085 884 1320 951 itincre
1369 880 1642 973 quidam
1691 883 2215 973 proficiscentem
2286 889 2371 958 ad
2422 911 2806 966 mercatum
2874 893 3203 984 quendam
3240 947 3267 983 ,

251 990 328 1060 ἀ
387 982 618 1058 secum
666 986 1092 1078 aliquantum
1143 1003 1582 1054 nummorum
1629 983 1962 1054 fetentem
1998 1036 2020 1072 ,
2085 989 2181 1056 est
2223 991 2579 1062 comitatus
2622 1039 2641 1060 .
2708 999 2887 1064 Cum
2935 994 3063 1064 hoe
3102 1047 3125 1084 ‚
3188 1011 3264 1066 ut

249 1087 393 1156 fere
443 1086 526 1156 fit
564 1138 588 1172 ,
631 1088 704 1156 in
757 1088 864 1154 via
919 1085 1294 1157 sermonem
1346 1084 1630 1155 contulit
1672 1135 1693 1170 ‚
1743 1105 1830 1154 ex
1877 1109 2012 1177 quo
2059 1089 2313 1162 fastum
2356 1091 2491 1181 est,
2540 1108 2618 1162 ut
2666 1094 2841 1162 iilud
2890 1095 3019 1164 iter
3076 1095 3269 1164 fami«

249 1189 480 1258 Rarius
533 1189 752 1258 facere
807 1187 1100 1256 vellent.
1147 1193 1380 1275 Quare
1429 1205 1592 1256 cum
1639 1187 1712 1252 in
1761 1188 2100 1276 quandam
2149 1193 2501 1268 tabernam
2546 1195 2941 1264 divertiffcnt
2990 1244 3014 1279 ,
3064 1193 3263 1264 fimul

249 1309 520 1360 coenare
562 1343 584 1377 ,
637 1291 711 1359 δι
763 1289 835 1356 in
885 1289 1119 1358 eodem
1173 1291 1336 1357 loco
1382 1287 1696 1356 somnum
1747 1307 1984 1378 capere
2035 1279 2429 1364 voluerunt.
2484 1296 2753 1366 Coenati
2801 1290 3267 1364 discubuerunt

247 1389 490 1460 ibidem
527 1437 544 1456 .
601 1395 830 1480 caupo
877 1407 1104 1459 autem
1155 1400 1372 1480 (nam
1416 1390 1512 1456 ita
1561 1388 1796 1460 dicitur
1845 1389 1988 1478 post
2036 1394 2432 1481 inventum,
2478 1417 2643 1464 cum
2692 1397 2763 1466 in
2818 1395 2949 1462 alio
2994 1395 3257 1463 malefi-

247 1493 356 1560 cio
405 1489 852 1579 deprehensns
897 1491 1104 1579 cffet)
1169 1513 1334 1562 cum
1385 1489 1584 1560 inum
1639 1489 1924 1562 alterum
1976 1544 1998 1579 ,
2049 1493 2351 1565 videlicet
2406 1497 2522 1585 qui
2574 1513 2887 1568 nummos
2934 1493 3202 1564 haberet
3240 1547 3265 1582 ,

249 1591 868 1661 animadvertiffct:
941 1591 1142 1662 ιιοᾶιι
1177 1645 1202 1682 ,
1267 1591 1610 1684 postqtzam
1659 1592 1814 1660 illos
1865 1594 2116 1664 arstius
2169 1599 2307 1676 iam
2346 1650 2367 1685 ‚
2436 1611 2515 1663 ut
2565 1595 2643 1664 fit
2687 1650 2708 1684 ,
2752 1617 2839 1664 cx
2894 1595 3265 1664 lassitudine

249 1691 549 1762 dormine
597 1689 832 1781 leniit,
879 1695 1174 1781 acceffit‚
1231 1698 1300 1766 δε
1357 1697 1634 1764 alterius
1681 1714 1959 1781 eorum,
2009 1701 2126 1786 qui
2179 1698 2317 1768 fine
2367 1699 2669 1765 nummis
2718 1711 2911 1782 erat,
2956 1696 3265 1784 gladium

257 1809 524 1883 propter
575 1795 942 1884 appolitum
996 1819 1036 1864 e
1085 1799 1332 1886 vagina
1385 1798 1624 1866 eduxit
1661 1846 1686 1881 ‚
1737 1798 1812 1866 δε
1868 1797 2066 1865 iilum
2121 1799 2404 1870 alterum
2458 1797 2732 1885 occidit,
2784 1815 3101 1864 nummos
3146 1793 3261 1864 ab·

253 1895 480 1978 stulit,
531 1894 830 1980 gladium
877 1913 1246 1966 cruentum
1293 1899 1362 1963 in
1419 1899 1736 1986 vaginam
1787 1898 2150 1968 recondidit
2207 1934 2246 1985 ,α
2275 1899 2411 1990 ipsc
2464 1898 2595 1968 sese
2644 1903 2715 1969 in
2766 1896 3012 1966 lectum
3067 1895 3263 1964 suum

259 1992 546 2079 reecpit.
605 1991 736 2057 Ille
776 2009 1006 2058 autom
1029 2045 1050 2078 ‚
1097 1995 1288 2071 cuiue
1337 1997 1568 2083 gladio
1615 1996 1854 2065 occifio
1895 2016 2040 2065 erat
2097 2000 2313 2088 fasta,
2364 1999 2579 2069 multo
2628 2013 2781 2068 ante
2833 1999 3057 2066 iucem
3111 1995 3259 2066 sur-

249 2091 432 2157 rexit
477 2141 500 2175 ,
553 2092 868 2158 comitem
916 2092 1114 2159 illurn
1168 2093 1360 2160 suum
1411 2093 1800 2160 inclamavit
1853 2097 2054 2164 semul
2115 2100 2184 2166 &
2242 2101 2475 2189 saepius
2511 2148 2527 2167 .
2590 2099 2799 2168 Illum
2855 2098 3084 2168 somno
3132 2099 3261 2164 im-

249 2189 556 2280 peditum
608 2210 748 2280 non
791 2188 1188 2278 respondere
1235 2190 1638 2260 existimavit
1689 2215 1706 2256 z
1758 2191 1890 2278 ipsc
1938 2193 2243 2280 gladium
2276 2247 2299 2282 ,
2370 2201 2443 2266 ἀ
2498 2212 2731 2265 caetera
2772 2248 2797 2283 ,
2844 2219 2987 2286 quae
3041 2194 3265 2264 secum

255 2291 611 2377 attulerat,
667 2288 930 2360 sustulit
968 2319 996 2380 ,-
1053 2292 1232 2360 solus
1279 2291 1617 2381 profestus
1663 2289 1796 2358 cst.
1850 2298 2080 2381 caupo
2127 2314 2263 2361 non
2317 2295 2537 2363 multo
2584 2295 2723 2383 post
2765 2295 3263 2381 conclamavit,

247 2392 618 2462 hominem.
669 2393 794 2460 effe
859 2391 1151 2463 occisum
1191 2442 1216 2477 ‚
1293 2392 1364 2460 dc
1439 2407 1601 2458 cum
1649 2390 2048 2478 quibusdam
2113 2393 2557 2464 diversor-ibus
2626 2395 2823 2462 iilum
2860 2447 2881 2478 ,
2949 2395 3063 2482 qui
3114 2410 3273 2462 anto

245 2495 506 2566 exierat
535 2547 560 2584 ,
586 2543 598 2555 .
627 2492 1054 2586 consequitur
1107 2541 1125 2562 .
1197 2494 1280 2558 In
1327 2490 1564 2558 itinere
1607 2487 1956 2562 hominem
2025 2491 2525 2580 comprehendit
2559 2543 2583 2578 ,
2656 2493 2955 2582 gladium
3007 2494 3179 2572 ejus.
3215 2513 3257 2560 e

248 2599 500 2686 vagina
549 2595 769 2664 educit
805 2646 828 2680 ‚
897 2595 1140 2684 repetit
1190 2608 1552 2680 ementum
1587 2641 1614 2677 ,
1684 2591 1887 2662 homo
1953 2591 2026 2660 in
2079 2593 2313 2661 urbem
2382 2591 2463 2660 ab
2530 2591 2663 2662 illis
2712 2591 3060 2669 deducitur
3094 2645 3115 2678 ,
3184 2613 3267 2662 ac

245 2717 413 2764 reus
463 2695 580 2762 fit.
639 2699 718 2762 In
771 2695 903 2762 hac
951 2693 1234 2761 intentio
1275 2691 1372 2760 cst
1417 2691 1760 2779 criminis,
1813 2689 2168 2761 Occidisti.
2222 2693 2576 2782 Depuifio.
2630 2698 2783 2761 Non
2832 2691 3041 2760 occidi
3080 2741 3114 2760 ..
3152 2695 3265 2762 Ex

244 2797 496 2888 quibus
543 2794 940 2866 constitutio·
963 2792 1094 2864 cst.
1150 2792 1448 2882 Qtaestio
1495 2795 1732 2868 cadem
1779 2795 1850 2866 in
1903 2792 2333 2876 coniciturali
2372 2847 2393 2882 ,
2446 2793 2589 2885 q'uae
2643 2793 2961 2874 iudicatio
2996 2843 3021 2880 ,
3068 2794 3263 2861 Occi-

243 2898 546 2969 deritne.
641 2901 648 2908 ’
1440 2918 1448 2926 ·
2316 2947 2325 2954 .
3126 2941 3139 2952 -

351 3002 464 3066 V..
499 3005 702 3070 Nunc
753 3021 1172 3094 exponemus
1222 3007 1408 3077 iocos
1430 3059 1452 3094 ‚
1499 3022 1792 3098 quorum
1841 3025 1992 3095 pars
2041 3005 2265 3095 aliqua
2316 3002 2389 3070 in
2423 3018 2701 3072 omnem
2738 2993 3261 3076 conicituralem

247 3100 495 3170 incidit
549 3105 1116 3175 controvcrfiam.
1177 3111 1328 3179 Hoc
1377 3126 1606 3179 autem
1657 3112 1729 3181 &
1785 3109 1854 3175 in
1905 3107 2152 3177 horum
2202 3105 2513 3187 locorum
2558 3101 3003 3194 expolitione,
3056 3099 3127 3170 δε
3182 3099 3257 3167 in

244 3218 650 3270 caetetomm
694 3254 717 3286 ,
765 3206 1086 3289 oportebit
1139 3214 1476 3277 attendere
1517 3266 1542 3297 ‚
1609 3230 1750 3280 non
1799 3230 2033 3278 omnes
2079 3210 2155 3276 in
2204 3222 2481 3275 omnem
2526 3201 2799 3275 causam
2850 3200 3205 3271 convenire
3243 3243 3265 3265 .

247 3304 358 3369 Ut
409 3301 594 3369 enim
638 3320 849 3369 omne
900 3324 1148 3373 nomen
1193 3326 1288 3373 cx
1341 3309 1672 3399 aliquibus
1707 3361 1730 3395 ,
1799 3330 1937 3377 non
1983 3330 2070 3375 ex
2123 3304 2429 3375 omnibus
2488 3304 2694 3371 litori-s
2748 3300 3045 3369 scribitur
3094 3324 3112 3361 ε
3170 3296 3264 3363 fic

244 3422 532 3473 omnem
585 3407 656 3472 in
707 3402 981 3473 causam
1031 3427 1168 3473 non
1221 3408 1442 3475 omnis
1489 3424 2041 3496 argumentorum
2107 3405 2301 3490 copia
2337 3448 2365 3486 ‚
2434 3399 2543 3465 sed
2606 3418 2849 3463 eorum
2922 3394 3268 3459 necefftriit

241 3524 408 3596 pars
451 3506 686 3599 ,aliqua
737 3506 1125 3577 conveniet.
1181 3506 1430 3573 Omnis
1477 3509 1734 3593 igitur,
1779 3526 1864 3573 ex
1921 3501 2166 3595 causa,
2212 3518 2297 3567 ex
2349 3492 2667 3585 persona,
2710 3510 2797 3559 cx
2856 3484 3035 3557 facto
3080 3488 3219 3580 ipio
3246 3542 3271 3577 ,

242 3606 646 3688 coniectura
688 3605 1006 3693 capienda
1055 3607 1186 3675 est.
1295 3646 1308 3657 ·
2594 3644 2601 3651 -

357 3706 578 3777 Causa
633 3703 1042 3773 distribuitur
1095 3710 1190 3776 in·
1217 3705 1682 3791 impuifioncm
1714 3753 1739 3788 ‚
1789 3705 1864 3772 δε
1917 3703 1988 3769 in
2039 3696 2610 3768 ratiocinationem
2658 3736 2681 3760 ι
2735 3690 3059 3781 Impulfio
3104 3687 3199 3759 est
3246 3698 3274 3781 ,⁹

243 3832 412 3902 quae
484 3807 621 3875 fine
669 3807 1068 3893 cogitatione
1133 3824 1252 3895 per
1321 3800 1656 3893 quandam
1726 3798 2145 3869 affectionem
2194 3798 2403 3866 animi
2476 3794 2695 3863 facere
2746 3792 2997 3883 aliquid
3046 3790 3272 3861 horta·

240 3930 416 3995 tur,
465 3922 542 3974 ut
593 3924 818 3990 amor,
867 3906 1210 3973 iracundia
1256 3951 1279 3989 ,
1325 3899 1647 3993 aegritudo
1687 3952 1709 3987 ‚
1757 3900 2124 3970 vinolentia
2161 3950 2187 3987 ,
2234 3898 2307 3967 dt
2364 3896 2643 3964 omnino
2688 3897 2955 3981 omnia,
3006 3892 3075 3962 in
3126 3893 3275 3981 qui-

240 4013 380 4081 bus
431 4009 699 4075 animus
733 4008 856 4072 -ita
925 4006 1186 4075 videtur
1233 3998 1504 4075 affeaus
1555 4000 1742 4073 fuiffie
1776 4052 1804 4089 ‚
1869 4016 1946 4069 ut
2015 4020 2162 4069 rem
2228 3996 2589 4087 perspicere
2635 4015 2801 4070 cum
2848 3992 3122 4063 οοιιίὶῑὶο
3190 3992 3267 4063 &t

242 4128 426 4181 cura
475 4129 610 4177 non
663 4108 942 4197 potuerit
962 4129 986 4169 ··
1051 4112 1122 4179 &
1177 4106 1246 4176 id
1270 4160 1292 4193 ‚
1340 4102 1514 4197 quod
1569 4102 1724 4173 fecit
1770 4153 1793 4190 ,
1839 4100 2096 4192 im'petu
2147 4100 2441 4191 quodam
2491 4095 2702 4167 animi
2750 4096 2965 4187 potius
2987 4146 3009 4183 ‚
3104 4112 3271 4162 uam

243 4211 656 4303 cogitatione
708 4208 936 4277 feccrit
975 4252 994 4273 .
1049 4208 1492 4277 Ratiocinatio
1544 4221 1768 4277 autem
1805 4254 1828 4291 ,
1895 4200 1990 4271 cst
2039 4200 2325 4292 diligens
2394 4195 2467 4271 ἃ
2520 4196 2931 4277 confidet-ata
2988 4194 3267 4265 faciendi

245 4310 506 4403 aliquid
541 4360 566 4397 ,
619 4324 732 4376 aut
781 4330 916 4377 non
970 4306 1276 4378 faciendi·
1307 4306 1710 4395 excogitatio
1741 4354 1760 4372 .
1811 4308 1911 4371 Ea
1957 4303 2201 4373 dicitur
2252 4318 2403 4371 tum
2448 4296 2811 4369 interfuiffe
2843 4350 2866 4387 ‚
2932 4316 3095 4370 cum
3148 4294 3272 4365 ali-

247 4414 422 4505 quid
473 4408 854 4481 faciendum
897 4462 918 4497 ,
989 4425 1106 4480 aut
1157 4428 1290 4478 non
1343 4410 1728 4478 faciendum
1765 4455 1788 4491 ,
1855 4421 2035 4474 certa
2083 4402 2166 4473 de
2214 4399 2413 4473 causa
2464 4398 2689 4469 vitaffc
2724 4402 2751 4484 ,’
2814 4414 2933 4469 aut
3006 4398 3271 4467 secutus

245 4514 390 4582 csse
439 4514 706 4581 animus
757 4512 1026 4581 videtur
1064 4564 1090 4598 ‚
1140 4528 1222 4581 ut
1253 4558 1279 4598 ‚
1331 4512 1376 4579 fi
1429 4508 1734 4579 amicitiae
1785 4504 1946 4595 quid
1997 4504 2191 4575 causa
2242 4502 2495 4571 fastum
2544 4501 2797 4571 dicetur
2838 4552 2863 4587 ‚
2914 4500 2963 4571 fi
3011 4494 3271 4571 inimici

251 4612 621 4685 ulciste'ndi
673 4666 696 4699 ,
745 4612 798 4679 fi
847 4628 1066 4681 metus
1103 4664 1126 4702 ,
1179 4612 1232 4681 fi
1280 4611 1552 4703 gioriae,
1602 4612 1650 4681 fi
1701 4609 1988 4701 pecuniae
2026 4656 2050 4693 ‚
2099 4606 2150 4675 fi
2196 4604 2479 4695 denique
2516 4654 2541 4691 ,
2590 4616 2667 4675 ut
2716 4603 2941 4673 mnnIa
2990 4614 3267 4695 gener*-

471 4720 648 4783 Tom.
673 4719 759 4811 ἰζ
2354 4706 2420 4773 G
2464 4760 2471 4767 .
3044 4701 3173 4769 tim

2876 4850 2885 4857 .

1419 4866 1426 4875 .
1546 4866 1554 4873 .

333 4890 3275 4988 W

259 4972 264 4979 .

323 5073 451 5141 (ὃ)
473 5076 654 5175 ‘Nunc
685 5092 726 5132 a
761 5074 1173 5153 ammai),
1197 5072 1392 5143 'lauh
1440 5084 1608 5143 Nunc
1641 5072 1724 5139 ud
1757 5066 2170 5149 contestantem
2204 5066 2650 5143 constitutionem
2672 5053 3132 5135 profetfimb.
3210 5092 3217 5103 ·
