4359 6321
308 545 579 650 'legeres
610 610 637 645 ,
681 559 787 624 vel
838 571 914 622 ut
966 564 1175 638 totam
1224 561 1547 628 rationem
1600 574 1640 621 a
1690 551 2053 622 dostiffimo
2099 558 2392 645 quodam
2439 552 2722 653 rhetore]
2741 555 3104 646 accipereS,
3125 467 3302 630 ζωτ-

324 677 501 728 tatus
550 658 783 730 estem:
837 672 1243 746 utrumque,
1290 675 1367 730 ut
1418 677 1457 724 a
1506 675 1577 725 te
1629 651 2017 742 audiebam,
2063 677 2135 725 es
2185 675 2542 746 expertuS.
2594 658 2720 726 Sed
2772 681 2811 727 a
2861 657 3041 728 libris
3093 677 3160 727 te
3189 656 3300 728 ob-

324 761 596 844 scuritas
652 756 915 837 reiecit.
970 759 1221 826 Rhetor
1274 775 1505 826 autem·
1555 754 1669 823 ille
1717 775 2009 846 magnus
2030 809 2049 842 ‚
2096 758 2272 846 haec,
2321 775 2396 830 ut
2445 760 2673 850 opinor
2694 811 2718 846 ,
2765 754 3184 830 aristotelica
3237 756 3301 828 st

320 866 639 952 ignorare
692 857 1029 949 respondit
1058 909 1075 926 .
1133 861 1351 944 Quod·
1386 857 1655 951 quidem
1692 858 1970 930 minime
2024 859 2167 925 sum
2221 860 2614 956 admiratur,
2664 883 2822 931 eum
2843 861 3299 954 philosophum

319 963 571 1032 rhetori
626 982 757 1028 non
807 963 931 1028 effe
984 961 1334 1050 cognitum
1379 1013 1401 1046 ,
1448 959 1562 1050 qui
1615 955 1697 1024 ab
1748 955 1896 1045 ipsis
1944 955 2342 1047 philosophis
2381 1013 2403 1048 ,
2451 981 2674 1051 praeter
2725 962 3090 1034 admodum
3139 985 3296 1054 pau-

319 1085 472 1150 cos,
522 1064 873 1152 ignoretur
908 1108 927 1129 .
976 1060 1237 1146 Quibus
1286 1081 1366 1146 eo
1422 1060 1643 1127 minus
1690 1057 2188 1146 ignoscendum¹
2217 1058 2310 1126 est
2351 1067 2390 1156 ,ζ
2437 1063 2616 1150 quod
2671 1085 2802 1132 non
2853 1065 3052 1134 modo
3105 1061 3299 1134 rebus

318 1166 435 1254 iis,
492 1187 637 1257 quar,
689 1161 769 1229 ab
818 1163 945 1232 illo
990 1162 1175 1232 distae
1234 1163 1306 1230 δε
1364 1161 1654 1228 inventa:
1710 1155 1899 1245 sunt,
1955 1158 2133 1226 allici
2187 1157 2560 1248 debuerunt
2585 1188 2612 1250 ²..
2661 1162 2768 1230 sed
2817 1166 3082 1236 dicendi
3129 1186 3293 1256 quo-

315 1286 446 1356 que
496 1262 869 1334 incredibili
922 1262 1225 1353 qua-darn
1274 1282 1435 1332 cum
1487 1261 1715 1348 copia,
1766 1273 1911 1328 tum
1962 1261 2165 1327 etiam
2218 1258 2543 1328 suavitate
2583 1309 2598 1326 .
2650 1267 2802 1330 Non
2855 1271 3033 1356 potui
3090 1267 3295 1356 igitur

297 1363 480 1453 tibi,
532 1365 757 1455 saepius
810 1365 941 1434 hoc
993 1365 1305 1456 roganti,
1362 1366 1435 1434 δε
1492 1378 1715 1428 tamen
1768 1361 2069 1444 verenti,
2116 1378 2204 1426 ne
2259 1361 2423 1428 mihi
2473 1365 2697 1452 gravis
2745 1366 2899 1450 effes
2939 1419 2959 1454 ,
3029 1379 3052 1454 (
3097 1369 3296 1435 facile

314 1469 495 1536 enirn
545 1463 615 1535 id
661 1465 1059 1554 cernebam)
1115 1464 1351 1536 debete
1398 1463 1691 1548 diutiuS,
1745 1478 1829 1528 ne
1882 1459 1998 1550 ipfi
2049 1460 2217 1540 juris
2267 1462 2608 1548 interpreti
2649 1465 2790 1532 fieri
2832 1467 3162 1535 videretur
3197 1473 3298 1538 in-

316 1569 487 1648 juria
526 1615 544 1634 .
618 1568 881 1636 Etenim
930 1589 1091 1636 cum
1141 1581 1209 1636 tu
1266 1563 1431 1648 mihi
1477 1562 1774 1654 meisque
1842 1561 2061 1632 multa
2112 1559 2271 1650 saepe
2349 1557 2684 1649 scripfiffes
2719 1615 2742 1653 ,
2810 1568 3058 1640 veritus
3111 1567 3301 1653 sum,

312 1689 447 1755 ne,
498 1669 549 1736 fi
598 1690 725 1762 ego
778 1688 1142 1759 gravarer,
1192 1684 1307 1737 aut
1357 1667 1705 1758 ingratum
1759 1663 1868 1748 id,
1920 1679 2033 1736 aut
2088 1660 2438 1750 superbum
2489 1663 2864 1754 videretur.
2916 1668 3080 1756 Sed,
3128 1671 3292 1742 dum

314 1771 574 1840 fuimus
626 1793 805 1858 una,
852 1787 923 1840 tu
979 1771 1271 1862 optimus
1315 1792 1389 1838 es
1442 1767 1663 1855 testie,
1713 1785 1919 1858 quam
1974 1763 2216 1832 fuerim
2269 1781 2670 1854 occupatus.
2723 1767 2818 1832 Ut
2869 1784 3088 1834 antem
3143 1792 3180 1836 a
3233 1788 3297 1837 te

310 1867 605 1958 disceffi,
652 1876 721 1941 in
780 1875 1111 1940 Graeciam
1162 1869 1627 1962 proficiscens,
1680 1889 1835 1936 cum
1886 1886 2081 1955 opera
2134 1885 2279 1934 mea
2331 1885 2454 1934 nec
2504 1864 2909 1954 respublica,
2958 1888 3080 1936 nec
3134 1873 3297 1938 ami-

308 1973 373 2040 ci
425 1989 815 2062 uterentur,
868 1994 991 2044 nec
1039 1972 1303 2042 honeste
1352 1973 1529 2042 inter
1580 1989 1767 2037 arma
1822 1966 2069 2036 versari
2122 1967 2356 2056 possem
2399 2019 2426 2053 ,
2476 1989 2562 2034 ne
2611 1967 2658 2034 fi
2709 1985 2858 2036 tuto
2905 1965 2970 2035 id
3024 1953 3295 2059 quidem

308 2073 479 2142 mihi
538 2075 811 2144 liceret:
864 2091 941 2144 ut
995 2077 1149 2144 veni
1199 2075 1516 2161 Veliam,
1564 2089 1853 2164 tuaque,
1902 2073 1975 2141 δε
2033 2086 2182 2138 tuos
2236 2068 2368 2138 vidi
2417 2079 2618 2159 (1),
2668 2069 3043 2139 admonitus
3091 2071 3294 2152 hujus

308 2175 453 2242 aeris
504 2173 702 2244 alieni
739 2227 761 2262 ‚
829 2175 1015 2244 nolui
1060 2175 1255 2246 deeffe
1305 2195 1392 2246 ne
1461 2174 1673 2243 tacitae
1742 2169 2010 2264 quidem
2088 2168 2482 2260 flagitationi
2550 2187 2675 2238 tna:
2719 2219 2738 2236 .
2805 2173 3038 2262 Itaque
3111 2172 3293 2262 haec,

316 2295 477 2346 cum
544 2297 813 2349 mecum
870 2276 1066 2347 libros
1171 2298 1309 2346 non
1360 2274 1669 2345 haberem
1710 2273 2120 2361 ,memoria
2178 2271 2448 2360 repetita
2485 2322 2507 2357 ‚
2555 2273 2624 2338 in
2677 2271 2811 2362 ipsa
2861 2274 3290 2364 navigatione

307 2375 707 2468 conscripsi,
756 2375 1002 2473 tibique
1047 2400 1133 2446 ex
1186 2381 1422 2448 itinere
1468 2377 1656 2446 mili:
1712 2389 1786 2448 nt
1838 2394 1987 2444 mea
2034 2371 2381 2462 diligentia
2431 2372 2902 2442 mandatorum
2955 2390 3224 2444 tuorum
3265 2429 3290 2462 ,

305 2493 371 2546 te
420 2499 723 2570 quoque,
772 2480 889 2548 etsi
940 2481 1353 2552 admonitore
1406 2501 1540 2550 non
1592 2497 1789 2568 eges,
1841 2474 1921 2544 ad
1966 2473 2368 2570 memoriam
2418 2473 2792 2544 nostrarum
2831 2497 3056 2546 rerum
3105 2479 3284 2551 exci-

306 2595 551 2648 tarem.
606 2583 731 2650 Sed
786 2584 920 2662 iam
971 2599 1229 2672 tempus
1278 2580 1369 2651 est
1418 2581 1503 2648 ad
1556 2580 1621 2648 id
1670 2577 1845 2668 quod
1900 2574 2349 2660 instituimuS,
2407 2577 2750 2645 accedere.

402 2681 491 2748 11.
542 2686 720 2754 Cum
772 2686 990 2754 omnis
1040 2687 1211 2752 ratio
1258 2684 1547 2773 diIIgens
1614 2677 1969 2749 disserendi
2021 2678 2188 2745 duas
2259 2674 2487 2744 habeat
2537 2695 2792 2768 partes;
2843 2699 3052 2748 unam
3099 2681 3281 2748 inve-

298 2780 527 2850 niendi
568 2831 591 2869 ,
658 2783 945 2852 alteram
997 2782 1334 2864 judicandi
1376 2808 1393 2849 ι
1446 2780 1785 2872 utriusque
1837 2779 2139 2870 princeps
2177 2830 2200 2864 ,
2268 2796 2340 2845 ut
2395 2778 2558 2846 mihi
2610 2780 2883 2870 quidem
2935 2781 3206 2850 videtur
3258 2834 3278 2867 ,

298 2879 697 2952 Aristoteles
746 2883 911 2952 fuit.
964 2885 1159 2954 Stoici
1213 2899 1439 2954 autem
1492 2885 1561 2950 in
1614 2883 1819 2951 altera
1874 2877 2374 2948 elaboraverunt
2417 2927 2434 2946 .
2508 2880 2849 2960 Iudicandi
2897 2881 3079 2952 enim
3135 2884 3274 2950 vias

294 2981 651 3072 diligenter
701 2982 1023 3074 persecuti
1078 2983 1273 3072 sunt,
1320 3003 1399 3052 ea
1452 2981 1764 3068 scientia,
1816 3001 2019 3070 quam
2068 2978 2460 3049 Diales-&icen
2503 2983 2864 3071 appellant.
2921 2986 3272 3054 Invenien-

295 3083 361 3148 tli
414 3103 571 3152 vero
620 3099 881 3173 artem,
927 3109 1065 3177 quae
1117 3093 1339 3175 Topica·
1388 3084 1674 3170 dicitur,
1722 3103 1995 3173 quaeque
2042 3077 2125 3149 ad
2174 3079 2374 3149 usum
2429 3071 2634 3175 potior
2683 3102 2866 3173 erat,
2918 3088 2988 3156 δε
3049 3085 3272 3154 ordine

296 3200 551 3252 naturae
618 3200 795 3251 certe
840 3188 1017 3272 prior
1055 3236 1077 3269 ,
1142 3202 1353 3253 totam
1404 3186 1821 3273 reliquerunt
1856 3230 1875 3249 .
1948 3187 2089 3249 Nos
2139 3202 2370 3251 autem
2411 3236 2434 3269 ,
2499 3188 2815 3274 quoniam
2867 3188 2934 3255 in
2988 3204 3272 3279 utraque

296 3281 558 3355 summa
628 3284 881 3351 utilitas
926 3283 1025 3353 est
1064 3336 1085 3370 ,
1140 3286 1210 3354 δι
1268 3300 1625 3371 utramque
1680 3331 1701 3365 ,
1750 3281 1802 3349 fi
1852 3282 1979 3348 erit
2030 3280 2246 3350 otium
2285 3334 2310 3369 ,
2379 3284 2676 3373 persequi
2723 3280 3144 3375 cogitamus„
3187 3290 3276 3355 ab

294 3404 415 3470 ea,
465 3406 609 3474 quae
660 3386 834 3473 prior
880 3383 1019 3472 est,
1066 3384 1441 3451 ordiemur.

360 3488 494 3553 ·Ut
546 3486 753 3576 igitur
818 3507 1051 3556 earum
1105 3504 1327 3553 rernm
1367 3535 1387 3569 ,
1438 3504 1581 3573 quae
1638 3476 2027 3552 abscondirae
2078 3477 2228 3547 funt
2268 3534 2294 3568 ,
2361 3479 2806 3551 demonstrato
2841 3534 2866 3569 ,
2915 3486 2988 3553 δε
3043 3501 3268 3555 notato

294 3588 484 3673 loco,
553 3587 777 3657 facilis
828 3588 1123 3658 inventio
1168 3585 1303 3655 est:
1355 3585 1488 3670 fic,
1534 3603 1693 3651 cum
1745 3582 2177 3674 pervestigare
2229 3602 2703 3673 argumentum
2755 3584 3018 3675 aliquod
3079 3586 3268 3655 volu-

292 3708 490 3775 mus,
544 3690 725 3759 locos
780 3688 951 3756 noffe
997 3685 1350 3759 debemus.
1405 3685 1509 3753 Sic
1558 3684 1743 3752 enim
1799 3683 2139 3774 appellatae
2197 3682 2280 3749 ab
2329 3682 2684 3754 Aristotele
2736 3684 2888 3754 sunt
2934 3687 3032 3755 12ae
3083 3688 3264 3777 quali

295 3787 518 3876 sedes,
586 3810 623 3857 e
690 3788 930 3881 quibus
999 3804 1397 3881 argumenta
1446 3802 1844 3874 promuntur
1883 3833 1900 3851 .
1978 3788 2214 3875 Itaque
2285 3784 2438 3853 licet
2492 3785 2810 3876 definire,
2857 3796 3095 3855 Locum
3143 3792 3264 3859 effe

288 3892 665 3978 argumenti
720 3888 979 3961 lederna
1038 3902 1503 3978 Argumentum
1554 3902 1824 3979 autem,
1872 3887 2252 3976 rationem,
2292 3908 2436 3979 quae
2488 3891 2582 3958 rei
2649 3887 2858 3959 dubiae
2935 3888 3133 3959 faciat
3183 3890 3266 3957 fi-

288 3988 481 4058 dem.
1266 4022 1271 4027 ·
1846 4038 1861 4056 .

387 4090 513 4160 Sed
562 4112 650 4160 ex
702 4092 805 4161 his
858 4092 1071 4187 locis,
1118 4096 1193 4163 in
1241 4094 1481 4183 quibus
1530 4110 1931 4182 argumenta
1986 4090 2244 4163 inclufi
2303 4093 2494 4180 sunt,
2543 4094 2657 4163 alii
2707 4096 2777 4164 in
2827 4115 2906 4163 eo
2955 4094 3132 4186 iplb,
3177 4094 3262 4165 de

286 4212 423 4283 qno
475 4194 699 4283 agitur
737 4244 761 4280 ,
822 4194 1111 4267 haerent:
1162 4194 1273 4263 alii
1344 4196 1756 4264 assumuntur
1803 4192 2212 4265 extrinsecus
2253 4241 2271 4261 .
2346 4200 2426 4265 ln
2497 4196 2638 4285 ipso
2672 4251 2693 4285 ,
2743 4212 2894 4268 tum
2941 4218 3026 4267 ex
3081 4212 3263 4281 tote,

282 4310 435 4361 tum
482 4316 569 4363 ex
622 4294 921 4383 partibus
970 4300 1163 4383 eius,
1204 4314 1349 4363 tum
1402 4316 1491 4363 ex
1540 4312 1742 4381 nota,
1791 4312 1937 4364 tum
1987 4316 2074 4363 ex
2127 4296 2234 4368 his
2283 4295 2518 4385 rebus,
2569 4320 2712 4389 quae
2780 4300 3067 4390 quodam
3117 4318 3258 4364 mo·

280 4396 373 4463 do
424 4394 670 4466 affectae
725 4394 874 4464 sunt
923 4401 1006 4468 ad
1058 4396 1169 4483 id,
1220 4396 1302 4463 de
1354 4416 1488 4487 quo
1538 4396 1887 4484 quaritur.
1936 4396 2370 4468 Extrinsecus
2422 4418 2652 4473 autem
2700 4423 2779 4471 ea
2829 4413 2922 4489 (a
2944 4408 2984 4485 1
3027 4400 3266 4467 dicun-

280 4512 441 4586 tur,
490 4520 635 4591 quae
688 4494 977 4589 absunt,
1016 4500 1349 4589 longeque
1402 4494 1752 4576 disiunfib..
1791 4496 1975 4565 sunt.
2289 4520 2296 4527 ·

955 4644 965 4653 -
2106 4594 2176 4665 H·
2231 4599 2286 4669 h·
2333 4602 2380 4671 h
2483 4627 2526 4673 2
3033 4600 3162 4668 Sed·

352 4910 379 4973 (
408 4927 426 4965 ι
455 4915 484 4976 )
522 4915 577 4967 Τ
766 4942 794 4975 ·,
830 4908 903 4978 ό·
936 4890 1067 4991 runs»
1098 4913 1225 4969 vidi
1266 4918 1293 4977 )
1344 4910 1587 4971 Trebntii
1624 4929 1719 4992 pa·
1832 4894 1923 4971 eo·
1960 4920 2292 4993 Goveanfen
2591 4986 2598 4993 1

278 4928 1083 5121 ἕὲιὲξοηῖσοῧιείἳιοὲιοὲὴὲῗὲῗ
1114 5001 1331 5117 “2¹22th
1356 4982 1724 5119 xxiii-escwi&
1896 4986 1973 5049 (a
1993 4989 2023 5051 )
2055 4988 2396 5053 Ducuntur)
2431 4982 2632 5045 lamb·
2659 4982 2973 5045 ducatum

326 5114 373 5125 .,,
800 5076 827 5114 Ι·
1103 5096 1133 5125 2.
1300 5094 1329 5114 ..
1562 5076 1627 5131 ‘9'
2753 5126 2756 5131 Ι

3748 11 3763 18 ⁷
3866 13 3883 16 -
3908 13 3911 15 ⁷
3948 11 4338 42 --w--VV
