4359 6321
1 6 221 32 r-*QY
250 6 295 26 υ·
339 6 723 18 -ν--ν-Ψν--ν-’--

714 538 1327 637 L1=BER
1451 546 2557 647 SECUNDUS.
2880 593 3059 681 177

185 683 568 767 ‹luvam-3
621 687 750 753 an,
795 669 1014 751 Qale
1069 662 1189 749 fit,·
1247 686 1374 751 an,
1425 666 1622 751 Qod
1677 686 1924 736 nomen
1976 669 2208 743 habeat
2250 698 2265 739 ι
2318 696 2451 765 quo
2504 676 2841 767 persper
2892 732 2914 768 ,
2966 684 3183 755 statim

185 772 471 845 occurrit
527 768 814 837 naturali
865 766 1154 857 quadarn
1204 766 1550 853 prudentia
1589 817 1609 850 ,
1679 788 1818 833 non
1867 768 1972 838 his
2027 770 2556 846 subdustionibus
2592 831 2616 867 ,
2686 801 2849 871 quas
2918 779 3016 849 isti
3068 783 3181 851 do-

175 888 385 959 cent,
461 870 621 961 quid
679 870 873 939 faciat
927 864 1198 937 causam
1234 921 1254 953 ‚
1306 866 1374 934 id
1430 866 1563 953 est,
1615 889 1747 955 quo
1787 868 2075 958 sublato,
2129 880 2574 947 controversia
2626 880 2795 950 stare
2844 902 2977 951 non
3027 882 3173 971 pos-

175 979 248 1047 fit
291 1006 307 1043 ι
359 972 607 1041 deinde
641 1026 662 1059 ,
713 970 870 1061 quid
921 970 1141 1037 veniat
1190 970 1260 1035 in
1313 968 1640 1047 judicium
1689 1022 1712 1055 ,
1765 972 1942 1062 quod
1993 971 2092 1040 isti
2148 976 2234 1042 fic
2287 975 2511 1055 jubent
2562 1004 2899 1071 quaereret
2960 988 3177 1054 Inter-

169 1080 327 1149 fecit
382 1082 590 1163 (45)
643 1074 953 1163 Opimius
1009 1068 1406 1138 Gracchum
1444 1118 1459 1133 .
1512 1068 1696 1152 Qid
1754 1073 1912 1141 facit
1965 1072 2238 1143 causam
2274 1078 2310 1139 ,θ
2367 1080 2544 1169 quod
2598 1083 2964 1171 reipublicae
3019 1106 3177 1155 cau.

173 1182 240 1250 sa
277 1232 296 1265 ,
347 1197 512 1245 cum
565 1196 650 1243 ex
709 1170 1264 1243 senatusconsulto
1313 1168 1398 1237 ad
1450 1190 1634 1237 arma
1689 1174 1966 1242 vocasset
2023 1200 2038 1241 ε
2089 1175 2216 1243 hoc
2271 1178 2437 1245 tolle
2475 1230 2495 1263 ‚
2550 1183 2747 1249 causa
2800 1204 2935 1251 non
2988 1189 3114 1253 erit
3158 1238 3175 1257 .

173 1286 264 1349 At
314 1278 380 1345 id
437 1276 658 1367 ipsum
709 1292 912 1367 negat
961 1288 1197 1343 contra
1251 1274 1430 1360 leges
1483 1272 1731 1341 licuisse
1785 1276 2068 1345 Decius.
2119 1279 2361 1345 Veniet
2412 1278 2622 1369 igitur
2680 1282 2747 1347 in
2802 1282 3175 1373 judicium,

175 1381 560 1453 Licueritne
608 1399 694 1447 ex
750 1373 1314 1446 senatusconsulto
1354 1425 1375 1458 ,
1451 1370 1793 1443 servandae
1845 1376 2213 1464 reipublicae
2266 1380 2459 1447 cauca
2500 1430 2519 1448 .
2597 1382 2947 1473 Perspicua
3024 1382 3181 1453 sunt

173 1484 312 1553 haec
368 1480 682 1571 quidem,
733 1484 805 1551 &
865 1482 936 1548 in
993 1475 1262 1565 vulgari
1313 1475 1670 1563 prudentia
1725 1477 1893 1545 fita:
1953 1476 2059 1545 sed
2109 1478 2225 1547 illa
2279 1482 2625 1569 quaerenda
2666 1536 2688 1569 ,
2738 1507 2885 1575 quae
2943 1480 3025 1550 ab
3074 1504 3185 1552 ac-

175 1583 478 1654 cusatore
530 1582 600 1650 &
660 1580 1004 1649 defensore
1054 1592 1494 1669 argumenta,
1545 1576 1629 1644 ad
1683 1576 1756 1647 id
1793 1632 1815 1669 ‚
1865 1580 2039 1670 quod
2087 1581 2158 1649 in
2212 1581 2533 1659 judicium
2590 1585 2773 1651 venit
2812 1638 2833 1673 ‚
2883 1582 3185 1673 speaan-

177 1688 318 1772 tia,
371 1682 651 1752 debeant
697 1682 951 1752 afferri.

284 1790 538 1854 XXXI.
592 1788 814 1875 Atque
862 1785 968 1853 hic
1023 1780 1194 1852 illud
1249 1780 1609 1851 videndum
1663 1781 1754 1853 est
1803 1837 1826 1873 ‚
1875 1784 1946 1851 in
1998 1807 2135 1876 quo
2188 1784 2489 1856 summus
2538 1786 2629 1855 est
2678 1806 2861 1855 error
2911 1786 3187 1857 istorum

177 1884 660 1971 magistrorum
700 1937 723 1969 ‚
792 1887 874 1952 ad
922 1906 1090 1975 quos
1141 1882 1376 1951 liberos
1431 1884 1686 1951 nostros
1736 1887 2068 1955 mittimus
2108 1939 2128 1972 ,
2198 1910 2333 1955 non
2392 1909 2526 1979 quo
2592 1888 2719 1957 hoc
2775 1890 3047 1980 quidem
3102 1886 3185 1955 ad

182 1983 556 2053 dicendum
609 2004 1012 2071 magnopere
1064 1985 1421 2071 pertineat,
1479 1982 1588 2050 sed
1641 2002 1864 2052 tamen
1921 2003 1994 2054 ut
2053 1988 2373 2073 videatis,
2418 2010 2621 2077 quam
2657 1990 2733 2057 fit
2790 2012 3005 2081 genus
3059 1990 3185 2056 hoc

183 2106 429 2154 eorum
470 2136 492 2169 ,
562 2087 680 2173 qui
751 2082 864 2151 fibi
915 2084 1158 2153 eruditi
1234 2082 1541 2149 videntur
1583 2135 1606 2169 ‚
1695 2084 1890 2151 hebes
1979 2102 2172 2177 atque
2244 2090 2621 2173 impolitum
2658 2136 2672 2153 .
2751 2092 3185 2159 constituunt

181 2188 377 2255 enim
435 2186 503 2249 in
556 2186 916 2269 partiendis
969 2187 1350 2251 orationum
1401 2182 1610 2251 modis
1681 2184 1816 2251 duo
1864 2204 2108 2272 genera
2177 2184 2528 2254 causarum
2567 2236 2583 2253 .
2658 2194 2893 2257 unum
2963 2188 3191 2276 appel-

184 2290 331 2355 lant
375 2336 398 2369 ,
451 2286 516 2350 in
569 2306 701 2372 quo
753 2284 892 2353 fine
941 2284 1234 2373 personis
1285 2302 1483 2374 atque
1534 2281 1938 2373 temporibus
1991 2283 2076 2352 de
2123 2284 2435 2354 universo
2485 2307 2725 2375 genere
2772 2303 3108 2379 quaeratur
3162 2316 3191 2376 ς

185 2391 528 2471 alterum,
581 2388 726 2471 (⁴‘)
781 2386 954 2475 quod
1003 2386 1291 2472 personis
1350 2390 1545 2454 certis
1595 2439 1616 2473 ‚
1659 2389 1730 2455 &
1793 2382 2201 2473 temporibus
2248 2386 2637 2456 definiatur:
2691 2390 2905 2479 ignari
2958 2408 3191 2456 omnes

181 2486 674 2561 controversias
725 2484 804 2550 ad
856 2486 1144 2555 univer-fi
1201 2488 1460 2573 generis
1519 2487 1660 2554 vim
1711 2488 1779 2555 &
1841 2501 2158 2555 naturam
2210 2490 2445 2556 referri
2484 2534 2499 2553 .
2578 2492 2755 2557 Nam
2808 2490 2876 2555 in
2928 2509 3004 2557 ea
3056 2488 3195 2577 ipsa

183 2588 392 2661 causa
434 2641 456 2675 ‚
506 2590 588 2654 de
638 2608 766 2678 qua
821 2604 975 2657 ante
1023 2589 1162 2653 dixi
1203 2638 1224 2672 ,
1293 2586 1458 2655 nihil
1514 2588 1794 2676 pertinet
1843 2587 1926 2655 ad
1981 2590 2255 2657 oratoris
2308 2590 2489 2659 locos
2543 2590 2795 2678 Opimii
2848 2588 3123 2678 persona
3173 2642 3194 2677 ‚

185 2692 362 2763 nihil
425 2687 651 2759 Decii-
707 2693 806 2755 De
858 2690 992 2779 ipso
1037 2692 1218 2757 enirn
1274 2690 1577 2756 universo
1626 2710 1869 2779 genere
1921 2688 2185 2758 infinita
2234 2690 2503 2781 quaestio
2556 2690 2650 2759 est
2690 2744 2711 2778 ,
2762 2712 2931 2758 num
2982 2712 3187 2779 poena

186 2794 503 2861 videatur
553 2790 677 2859 effe
727 2792 1112 2859 afficiendus
1151 2844 1172 2877 ‚
1241 2790 1355 2879 qui
1405 2792 1624 2859 civem
1679 2810 1764 2857 ex
1818 2789 2385 2861 senatusconsulto
2438 2793 2661 2879 patriae
2731 2789 3199 2866 conservandae

185 2895 394 2965 causa
449 2894 900 2979 interemerit,
949 2914 1108 2961 cum
1157 2892 1225 2959 id
1279 2910 1394 2980 per
1451 2892 1630 2983 leges
1683 2916 1820 2960 non
1874 2894 2144 2960 liceret.
2196 2892 2407 2960 Nulla
2460 2890 2742 2981 denique
2791 2892 2885 2960 est
2934 2892 3137 2963 causa
3175 2944 3198 2977 ,

183 3002 258 3069 in
314 3015 453 3088 qua
503 2993 613 3080 id,
665 2994 844 3085 quod
898 2994 966 3061 in
1016 2994 1338 3072 judicium
1394 2996 1613 3080 venit,
1661 3015 1743 3060 ex
1799 3014 2070 3063 reorum
2118 2992 2413 3083 personis
2458 3046 2482 3079 ,
2536 3013 2613 3061 ac
2666 3015 2801 3063 non
2850 3014 2939 3061 ex
2990 3012 3193 3083 gene·

185 3112 362 3170 rum
413 3096 708 3181 ipsorum
757 3094 1066 3162 universa
1115 3093 1552 3181 disputatione
1602 3112 1930 3185 quaeratur
1971 3142 1986 3162 .
2043 3097 2233 3182 Qin
2286 3095 2493 3164 etiam
2547 3094 2621 3162 in
2668 3096 2747 3164 iis
2804 3092 2951 3183 ipsis
2995 3146 3018 3181 ‚
3090 3090 3207 3188 ubi

187 3203 277 3265 de
337 3193 520 3263 fano
571 3193 926 3282 ambigitur
961 3246 984 3280 ,
1035 3196 1382 3280 Ceperitne
1433 3214 1662 3263 contra
1713 3195 1894 3285 leges
1944 3200 2254 3282 pecunias
2306 3199 2376 3262 P.
2401 3199 2650 3263 Decius
2708 3249 2729 3282 ,
2800 3213 3203 3285 argumenta

193 3305 272 3368 &
345 3293 712 3362 criminum
784 3297 854 3362 δε
910 3292 1308 3359 defensionis
1359 3313 1752 3362 revocentur
1829 3311 2080 3382 oportet
2134 3295 2215 3360 ad
2264 3315 2475 3380 genus
2516 3345 2539 3377 ‚
2611 3297 2678 3362 δι
2740 3295 2829 3361 ad
2896 3287 3209 3366 naturam

195 3394 598 3467 universam
636 3415 660 3455 .·
717 3393 895 3481 quod
948 3391 1366 3480 sumptuoius
1405 3443 1426 3476 ,
1475 3395 1558 3460 de
1613 3394 1920 3460 luxuria:
1971 3392 2150 3480 quod
2206 3391 2407 3459 alieni
2458 3406 2809 3477 appetens,
2861 3392 2941 3459 de
2991 3396 3211 3463 avari-

193 3501 334 3566 tia:
393 3495 570 3584 quod
627 3492 960 3562 leditiosus
1001 3546 1022 3577 ,
1089 3493 1172 3560 de
1221 3492 1616 3563 turbulentis
1693 3495 1766 3562 &
1821 3492 2020 3558 malis
2071 3481 2383 3558 civibusx
2458 3489 2630 3578 quod
2702 3505 2741 3556 a
2792 3489 3029 3556 multis
3104 3511 3208 3558 ar-

191 3603 448 3693 guitur
484 3599 512 3684 ,'
556 3595 633 3663 de
686 3615 926 3686 genere
975 3593 1236 3662 testium
1279 3619 1295 3659 :
1367 3609 1730 3685 contraque
1770 3646 1793 3680 ,
1841 3613 1986 3683 quae
2039 3611 2154 3679 pro
2205 3609 2323 3656 reo
2371 3589 2677 3658 dicentur
2715 3644 2739 3677 ,
2810 3590 3041 3662 omnia
3092 3611 3213 3668 ne..

192 3701 482 3774 ceffario
539 3720 575 3764 a
624 3713 926 3786 tempore
980 3713 1178 3786 atque
1227 3695 1496 3764 homine
1545 3695 1624 3764 ad
1673 3711 2066 3764 communes
2117 3709 2345 3760 rerum
2404 3693 2473 3760 δε
2528 3709 2858 3780 generum
2912 3685 3208 3761 summas

193 3803 661 3874 revolventur
687 3846 704 3863 .
1839 3851 1850 3862 .

311 3909 548 3992 Atque
597 3901 734 3968 haec
798 3897 1068 3966 forsitan
1120 3895 1438 3985 homini,
1513 3919 1654 3967 non
1705 3897 1928 3966 omnia
1972 3947 1994 3981 ‚
2063 3915 2207 3984 quae
2266 3891 2412 3961 sunt
2482 3893 2561 3960 in
2630 3909 2874 3960 natura
2922 3913 3151 3972 rerum
3192 3947 3215 3981 ‚

195 4007 519 4077 celeriter
571 4001 796 4068 animo
847 3997 1422 4088 comprehendenti
1465 4051 1486 4085 ‚
1553 3999 1886 4087 permulta
1933 3995 2278 4066 videantur
2324 4045 2347 4080 ‚
2395 4015 2539 4084 quae
2594 3995 2863 4060 veniant
2916 3997 2985 4062 in
3042 3993 3214 4073 iudi-
3243 4037 3264 4056 .

193 4111 396 4178 cium
457 4120 604 4170 tum
645 4154 666 4187 ,
735 4121 893 4170 cum
946 4101 1024 4166 de
1077 4098 1254 4167 faCto
1305 4118 1636 4190 quaeratur
1677 4153 1698 4187 ‚
1769 4097 1878 4168 sed
1925 4113 2148 4166 tamen
2202 4095 2569 4164 criminum
2622 4093 2717 4162 est
2766 4093 3137 4178 multitudo
3193 4147 3219 4182 ,

201 4232 352 4278 non
411 4201 920 4290 defensionum,
973 4219 1086 4269 aut
1145 4199 1444 4270 locorum
1495 4203 1798 4270 infinita.

419 4311 615 4372 Tomo
666 4307 722 4372 1.
1935 4303 1995 4366 Ζ
2604 4295 2893 4366 XXXII.
2951 4301 3119 4384 Qae

2857 4510 3156 4537 m

279 4657 400 4722 (45
431 4655 468 4716 )
507 4651 804 4731 Opimius)
827 4651 1018 4732 'Anno
1045 4646 1140 4730 .U·
1160 4647 1236 4704 C.
1269 4614 1677 4706 Dcxstxm.
1779 4645 1979 4714 conjeci
2015 4657 2072 4698 ee
2104 4684 2121 4710 ,
2171 4641 2441 4700 liberatus
2494 4637 2567 4709 est
2602 4665 2620 4694 ι
2673 4635 2925 4710 Epitome
2960 4637 3091 4700 Livi
3124 4639 3223 4698 lib.

204 4719 624 4854 fivffggzffgs
638 4716 1678 4864 asssfssfhqsssstnsszteftffiz’ae»:32⁷3
1780 4716 2172 4852 1¹2⁸‘5‘mu22d
2218 4781 2453 4858 persbm's
2491 4786 2519 4846 )
2574 4779 2754 4840 Lamb.
2804 4779 2949 4856 quod
2992 4781 3223 4853 propriis

208 4857 569 4935 cupam‘ffet,
606 4880 644 4915 a
683 4867 744 4916 L.
783 4867 828 4915 Ο
861 4864 991 4916 §mio
1026 4859 1238 4931 consule
1269 4903 1288 4929 ,
1321 4881 1388 4920 ex
1412 4859 1682 4932 s'enatus-
1781 4791 2090 4943 nominiffls
2137 4851 2487 4939 perfetta-msam¹
2523 4894 2542 4920 ,
2594 4854 2833 4912 locorum
2862 4891 2881 4935 e·
2920 4869 2985 4933 <rc
3022 4859 3233 4934 ινφρα-Ω

211 4931 484 5002 consulto
519 4947 716 4988 vocato
752 4951 789 4984 a
863 4949 1027 4988 arma
1095 4935 1248 5006 apulo
1279 4973 1298 5001 ,
1328 4935 1521 5007 pullus
1541 4975 1559 5000 ,
1593 4938 1684 4988 in·-
1788 4949 1919 4988 rum
1953 4931 2275 5014 diliana-um
2312 4926 2422 5001 est:
2459 4943 2529 5010 .”⁸
2603 4945 2675 4981 no
2706 4941 2819 4980 uno
2851 4919 2947 4977 olla
2984 4931 3231 5003 eccupaerx

147 5057 162 5076 ,
212 5023 406 5064 terem
446 5017 542 5058 tm·
580 5001 682 5074 est.
721 5005 896 5061 Anno
921 5021 1022 5059 con
1053 5021 1317 5077 equentc,
1359 5013 1418 5063 L
1435 5009 1680 5091 opipm'm
1779 5001 1954 5088 sunrs
1995 5013 2252 5084 supernas
2288 5019 2415 5055 vero
2450 4997 2495 5051 sl
2624 5035 2644 5062 ‚
2678 4993 2820 5071 qued
2856 5007 3037 5047 totum
3072 4989 3145 5060 est
3174 5012 3235 5048 m

203 5072 1038 5224 35552:5“;„55”2¹„55':522,
1055 5075 1688 5208 ⁴c3;2”5;‘⁰c;525‚¹2'5;
1791 5066 2622 5216 ''32:2⁸‘sstff‘22'2521'ssfs2‘33222
2654 5061 2969 5203 35:555?
2982 5060 3235 5202 amit·
