4359 6321
814 442 1441 539 LIBER
1564 442 2506 542 TERTIUS.
2895 454 3086 547 ‘261'

224 576 375 648 stus
418 625 438 659 ,
513 572 739 639 soccos
776 620 798 654 ‚
869 565 1107 657 quibus
1162 569 1433 636 indutus
1480 566 1669 653 effet‚
1725 567 1790 635 le
1846 567 1959 634 sua
2014 585 2213 639 manu
2268 568 2646 642 confecisse.
2699 568 2960 640 Scilicet
3010 576 3216 645 nimIs

217 680 333 749 hic
386 672 659 765 quidem
709 668 803 738 est
857 670 1279 758 progreffus3
1354 667 1463 734 sed
1514 689 1599 735 ex
1654 686 1735 734 eo
1788 668 1923 756 ipso
1970 670 2065 738 est
2130 676 2512 765 coniectura
2567 672 2818 761 facilis,
2869 692 3202 764 quantum

214 776 327 847 fibi
380 776 483 841 illi
546 774 654 863 ipfi
708 786 991 839 oratores
1049 771 1133 839 de
1189 769 1685 859 praeclariffimis
1736 771 1985 839 artibus
2040 779 2465 864 appetierint,
2513 780 2627 867 qui
2680 798 2762 844 ne
2820 775 3204 843 lordidiores

212 879 490 971 quidem
546 876 999 967 repudiarint.
1056 872 1239 954 Quid
1292 874 1375 937 de
1432 870 1707 939 Prodico
1756 874 1969 944 Chio?
2024 876 2177 964 quid
2231 879 2312 944 de
2360 879 2876 963 Thrasymacho
2925 880 3208 946 Chalce-

210 981 471 1064 doni0‚
518 976 599 1045 de
650 980 1021 1064 Protagora
1088 972 1397 1040 Abderita
1452 974 1737 1063 loqmr?
1792 994 2075 1065 quorum
2118 978 2572 1069 unusquisque
2623 982 3002 1068 plurimum
3045 998 3210 1048 tem-

209 1080 485 1173 poribus
554 1078 689 1147 illis
727 1133 746 1165 ,
820 1078 1021 1144 etiam
1100 1072 1181 1141 de
1235 1092 1475 1141 natura
1545 1094 1770 1141 rerum
1814 1130 1833 1159 ,
1886 1080 1957 1171 δι
2028 1079 2317 1147 differuit
2369 1084 2440 1150 δε
2506 1078 2756 1166 scriplit
2797 1130 2814 1149 .
2899 1083 3041 1172 Ipse
3092 1081 3210 1150 ille

208 1185 588 1252 Leontinus
659 1182 941 1269 Gorgias
977 1228 998 1263 ‚
1074 1196 1207 1264 quo
1258 1194 1545 1264 patrono
1594 1186 1619 1261 (
1664 1190 1739 1242 ut
1794 1177 1983 1245 Plato
2058 1181 2331 1271 voluit)
2407 1179 2798 1273 philosopho
2868 1184 3210 1251 succubuit

198 1302 484 1373 ·orator;
539 1284 651 1373 qui
706 1296 819 1349 aut
871 1299 1003 1345 non
1057 1277 1151 1344 est
1202 1279 1415 1351 victus
1492 1298 1790 1367 unquam
1858 1300 1895 1344 a
1956 1284 2222 1350 Socrate
2265 1337 2283 1367 ,
2354 1302 2570 1371 neque
2628 1282 2844 1349 lermo
2894 1284 3008 1349 ille
3061 1284 3215 1349 Pla-

217 1389 397 1455 tonis
452 1405 651 1453 verus
702 1382 855 1471 est3
930 1392 1084 1463 aut,
1134 1378 1181 1444 fi
1232 1380 1321 1446 est
1374 1380 1589 1450 vietus
1628 1434 1647 1465 ,
1702 1380 2115 1470 eloquentior
2187 1383 2496 1451 videlicet
2565 1384 2693 1449 fuit
2763 1386 2834 1454 &
2913 1384 3214 1451 disertior

216 1496 521 1557 Socrates
566 1537 587 1571 ,
660 1487 729 1553 ὃ(
778 1536 798 1567 ,
864 1496 937 1549 ut
988 1494 1059 1545 tu
1115 1482 1401 1569 appellas
1450 1535 1471 1567 ,
1532 1480 1849 1569 copiosior
1902 1486 1973 1551 δι’.
2031 1486 2266 1550 melior
2321 1502 2588 1550 orator:
2639 1484 2748 1549 sed
2803 1484 2912 1551 hic
2969 1487 3036 1551 in
3091 1484 3214 1552 illo

224 1589 365 1676 ipso
420 1586 709 1652 Platonis
761 1584 973 1667 libro,
1020 1580 1099 1649 de
1148 1586 1336 1651 omni
1389 1602 1499 1670 re,
1551 1604 1992 1675 quaecumque
2044 1586 2109 1650 in
2168 1583 2708 1673 disceptationem
2759 1586 3214 1672 quaestionem-

217 1711 353 1779 qne
408 1706 749 1753 vocaretur
792 1738 811 1772 ,
854 1684 951 1752 ·se
1002 1682 1423 1771 copiofiffime
1473 1682 1809 1753 disturum
1880 1688 2003 1752 elie
2052 1685 2400 1775 profitetur
2447 1710 2466 1751 τ
2539 1686 2722 1774 isque
2767 1685 3074 1773 princeps
3125 1706 3214 1751 ex

218 1786 529 1857 omnibus
580 1787 773 1860 ausus
822 1788 913 1854 est
960 1784 1029 1848 in
1100 1804 1439 1853 conventu
1490 1787 1748 1875 poscere
1788 1840 1809 1875 ‚
1884 1806 2017 1877 qua
2068 1788 2153 1855 de
2205 1810 2279 1855 re
2331 1786 2606 1877 quisque
2658 1785 2853 1851 vellet
2905 1788 3136 1854 audire
3191 1810 3218 1851 π

220 1894 335 1955 cui
393 1906 617 1956 tantus
684 1890 893 1953 honos
966 1883 1239 1952 habitus·
1300 1886 1392 1953 est
1442 1906 1479 1950 a
1529 1890 1783 1955 Graecia
1826 1940 1847 1972 ,
1916 1886 2034 1955 soli
2084 1909 2157 1958 ut
2231 1910 2313 1955 ex
2367 1888 2672 1956 omnibus
2727 1886 3004 1973 Delphis
3073 1908 3208 1955 non

214 1992 535 2055 inaurata
602 1989 809 2055 statua
874 1996 1083 2075 (59)
1129 2038 1151 2070 ,
1220 1986 1325 2053 {ed
1384 2006 1579 2055 aurea
1633 1988 2026 2057 statueretur
2065 2035 2082 2054 .
2163 1992 2384 2077 Atque
2433 1992 2526 2075 ii,
2579 2010 2742 2077 quos
2791 1992 3138 2055 nominavi
3191 2040 3212 2073 ‚

214 2090 557 2177 multique
610 2108 915 2177 praeterea
970 2085 1210 2152 summi
1262 2087 1527 2155 dicendi
1580 2090 1878 2157 doCtores
1934 2110 2071 2156 uno
2122 2106 2418 2175 ternpore
2473 2090 2784 2156 fuerunt:
2835 2110 2920 2155 ex
2979 2088 3220 2177 quibus

214 2190 521 2277 intelligi
592 2190 793 2277 potest
830 2242 849 2273 ‚
918 2190 1011 2254 ita
1064 2186 1127 2253 se
1178 2208 1321 2255 rem
1372 2188 1613 2258 habere
1656 2242 1675 2275 ,
1746 2206 1821 2260 ut
1872 2206 1947 2260 tu
1992 2244 2013 2277 ,
2060 2190 2314 2274 Craffe,
2365 2190 2580 2276 dicis‚·
2635 2190 3042 2280 oratorisque
3091 2210 3218 2256 no·

216 2310 377 2359 men
432 2290 601 2379 apud
674 2290 978 2380 antiquos
1026 2288 1093 2355 in
1148 2292 1403 2358 Graecia
1451 2343 1471 2376 ,
1546 2291 1799 2370 maiore
1850 2294 2141 2383 quadam
2197 2291 2306 2360 vel
2357 2292 2548 2380 copia
2585 2344 2604 2377 ‚
2659 2291 2772 2361 vel·
2817 2294 3034 2381 gloria
3089 2289 3212 2357 fio·-

216 2395 461 2460 tuifl'e.

320 2502 487 2579 Qo
532 2495 798 2585 quidem
848 2497 1061 2584 magis
1112 2495 1341 2566 dubito
1380 2550 1399 2583 ‚
1450 2494 1657 2566 tibine
1710 2498 1859 2586 plus
1908 2496 2121 2566 laudis
2157 2549 2178 2580 ‚
2250 2518 2338 2565 an
2395 2499 2642 2565 Graecis
2699 2494 3222 2583 vituperationis·

210 2595 337 2663 effe
389 2594 819 2667 tribuendum
870 2598 1188 2665 statuam:
1246 2620 1405 2667 cum
1458 2616 1529 2664 tu
1570 2652 1591 2683 ‚
1643 2601 1713 2666 in
1772 2601 1901 2666 alia
1950 2602 2179 2687 lingua
2233 2618 2309 2664 ac
2360 2598 2656 2667 moribus
2707 2612 2902 2664 natus
2939 2646 2958 2680 ‚
3011 2615 3208 2665 occu-

204 2696 543 2783 patissima
596 2700 659 2761 in
714 2700 980 2764 civitate
1018 2752 1037 2783 ,
1092 2699 1193 2764 vel
1246 2702 1663 2787 privatorum
1712 2700 1987 2787 negotiis
2042 2719 2206 2786 pene
2256 2700 2566 2765 omnibus
2614 2752 2633 2783 ‚
2685 2699 2790 2764 vel
2845 2695 3021 2765 orbis
3075 2714 3206 2765 ter-

205 2814 297 2863 ?ae
351 2800 847 2885 procuratione,
894 2819 971 2863 ac
1026 2797 1267 2864 summi
1322 2800 1575 2885 imperii
1626 2802 2102 2889 gubernatione
2154 2797 2486 2865 districtus
2524 2852 2544 2884 ‚
2596 2817 2850 2865 tantam
2913 2800 3054 2864 vim
3104 2822 3220 2867 re·-

208 2918 367 2964 1um
420 2902 997 2989 cognitionemque
1048 2899 1621 2986 comprehenderis
1662 2952 1681 2986 ‚
1728 2921 2007 2991 eamque
2060 2919 2330 2967 omnem
2387 2922 2542 2966 cum
2594 2902 2780 2984 ejus,
2831 2900 2944 2989 qui
2995 2899 3202 2966 confi.

216 2998 309 3065 iio
362 3005 433 3069 δε
489 3001 783 3068 oratione
837 3002 904 3065 in
956 3000 1229 3067 civitate
1285 3001 1505 3066 valeat
1544 3053 1563 3085 ,
1636 3002 1899 3069 scientia
1952 3018 2145 3091 atque
2195 3002 2664 3069 exercitatione
2717 3001 3044 3068 sociaris:
3089 3001 3204 3069 illi

214 3103 353 3166 nati
411 3105 477 3166 in
540 3101 743 3166 literis
786 3151 807 3184 ,
878 3100 1297 3188 ardentesque
1346 3102 1450 3166 his
1505 3101 1725 3168 studiis
1768 3155 1787 3186 ,
1856 3104 1989 3170 otio
2062 3121 2214 3170 vero
2283 3100 2668 3170 diffluentes
2705 3158 2726 3190 ‚
2791 3126 2926 3170 non
2999 3104 3214 3170 modo·
3295 3146 3302 3153 -

218 3201 393 3264 nihil
453 3199 863 3284 acquifierint
902 3247 931 3280 ‚
978 3196 1083 3260 sed
1138 3196 1227 3261 ne'
1272 3199 1575 3266 relietum
1624 3203 1893 3286 quidem
1931 3252 1961 3284 ,Γ
2006 3207 2079 3271 ὅτ.
2138 3203 2456 3268 traditum
2496 3255 2520 3288 ‚
2573 3207 2642 3271 δι
2701 3205 2894 3270 suum
2949 3203 3212 3270 conser-

218 3313 563 3362 vavermt.
935 3323 943 3330 ·

332 3399 655 3464 XXXIII.
709 3399 895 3464 Tum
946 3395 1201 3463 Craffus
1235 3447 1255 3482 ,
1310 3399 1462 3462 Non
1518 3396 1585 3461 in
1636 3398 1761 3469 hac
1803 3448 1825 3483 ,
1875 3397 2093 3486 inquit
2130 3447 2153 3482 ,
2202 3418 2334 3462 una
2377 3448 2396 3480 ‚
2445 3401 2732 3486 Catule,
2789 3420 2860 3464 re
2899 3450 2917 3482 ‚
2973 3397 3079 3464 sed
3133 3399 3208 3463 in·

220 3496 377 3562 aliis
432 3500 628 3564 etiam
678 3495 1178 3585 compluribus,
1248 3496 1693 3564 distributione
1742 3499 2031 3588 partium
2082 3517 2159 3562 ac
2223 3495 2664 3581 separatione,
2713 3497 3202 3586 magnitudines

221 3598 375 3663 sunt
430 3601 676 3668 artium
727 3600 1099 3666 diminutsc.
1158 3601 1263 3663 An
1324 3615 1393 3663 tu
1444 3598 1777 3667 existimas
1820 3653 1839 3684 ,
1906 3619 2060 3664 cum
2116 3598 2262 3663 effer
2319 3599 2743 3684 Hippocrates
2796 3599 2907 3664 ille
2959 3604 3134 3666 Cous
3187 3652 3208 3683 ,

220 3699 411 3764 fuisse
462 3717 611 3766 tum
662 3700 823 3767 alios
880 3699 1165 3767 medicos
1203 3751 1223 3782 ,
1276 3699 1385 3786 qui
1440 3695 1679 3766 morbis
1719 3753 1739 3784 ‚
1790 3700 1951 3765 alios
2003 3701 2125 3786 qu‘r
2170 3695 2552 3765 vulneribus
2592 3752 2612 3784 ,
2668 3699 2826 3768 alios
2869 3695 2995 3788 'qui
3049 3721 3206 3767 ocu·-

219 3799 303 3864 lis
358 3803 501 3888 (⁴‘)
558 3801 1035 3868 mederentur?
1096 3804 1287 3865 Num·
1331 3801 1767 3885 geometriam
1816 3799 2087 3866 Euclide
2137 3813 2252 3864 aut
2309 3799 2712 3865 Archimede
2769 3852 2786 3883 ‚
2837 3821 3002 3867 num
3059 3823 3205 3872 mu-

213 3895 424 3968 ficarri
480 3904 784 3967 Damone
833 3917 947 3968 aut
1004 3899 1391 3964 Aristoxeno
1430 3950 1450 3981 ‚
1522 3921 1687 3966 num
1742 3897 1911 3988 ipsas
1966 3900 2189 3967 literas
2241 3898 2673 3987 Aristophane
2729 3914 2852 3982 aut,
2890 3901 3208 3968 Callima*

212 4001 345 4068 cho
400 4003 773 4087 tractante,
825 4019 967 4068 tam
1018 3998 1371 4085 discerptas
1424 3997 1605 4064 fuiss'e
1642 4053 1673 4086 r
1725 4019 1799 4067 ut
1854 4021 2053 4068 nemo
2107 4003 2320 4088 genus
2371 4001 2758 4070 universum
2810 4001 3204 4088 complestess-

212 4119 429 4188 retur,
492 4121 686 4194 atque
738 4117 815 4170 ut
860 4102 1027 4167 alius
1074 4100 1272 4167 aliam
1328 4095 1439 4165 libi
1492 4117 1787 4187 partem,
1836 4103 1904 4167 in
1960 4123 2088 4190 qua
2138 4099 2544 4188 elaboraret,
2604 4102 2996 4190 seponeret?

210 4249 219 4302 !
315 4205 653 4298 Equidem
706 4202 862 4292 saepe
913 4204 1039 4270 hoc
1094 4199 1317 4270 audivi
1372 4198 1454 4266 de
1510 4217 1687 4287 patre
1756 4205 1827 4273 &
1886 4201 2107 4272 socero
2155 4221 2306 4268 meo
2338 4256 2364 4288 ‚t
2429 4204 2679 4286 nostros
2746 4225 3010 4294 quoque
3087 4204 3206 4268 ho·-

2977 4325 3100 4370 mi-

250 4527 1423 4554 w

282 4627 445 4696 (59)
496 4627 723 4704 Delplm
762 4645 865 4685 mn
904 4633 1187 4686 inaurata
1212 4629 1455 4697 statua)
1496 4631 1673 4686 Immo
1776 4635 2010 4686 oratoria
2050 4647 2188 4687 artas
2229 4627 2483 4706 questus.
2522 4627 2626 4688 Sed
2666 4625 2812 4685 nihil
2851 4628 2948 4684 hac
2988 4626 3048 4682 in
3087 4639 3212 4700 par&
3299 4659 3304 4664 ·

217 4715 333 4753 non
372 4717 398 4753 a
436 4702 657 4756 Graects
695 4699 867 4754 creste
918 4699 1011 4754 illa
1070 4701 1230 4756 statua
1258 4740 1277 4766 ,
1319 4698 1414 4756 sed
1452 4699 1513 4756 ab
1552 4701 1673 4772 ipso
1774 4719 1833 4756 te
1868 4699 1995 4756 fidei
2050 4699 2236 4758 habeas
2275 4701 2465 4760 Plinio
2498 4740 2519 4758 .
2567 4701 2786 4759 Praestat
2837 4705 2892 4755 ὃ(
2947 4697 3212 4766 Ciceroni

221 4765 465 4844 sophista
506 4767 605 4824 fibi
646 4765 848 4837 polita,
888 4765 925 4823 fi
965 4770 1254 4830 audiendus
1294 4772 1535 4836 Plinius,
1574 4771 1669 4844 qui
1774 4773 2027 4838 credere,
2068 4779 2123 4830 δε
2160 4774 2386 4832 Valerio
2427 4773 2520 4830 lib.
2561 4781 2610 4830 8.
2646 4791 2760 4844 cap.
2815 4789 2898 4841 ¹5·
2933 4777 2988 4823 &
3030 4761 3213 4821 Pausa-

224 4835 321 4892 ]zb.
360 4859 449 4908 32.
486 4857 601 4909 tap-
646 4857 689 4894 ι.
728 4841 1027 4894 Hominum
1057 4883 1069 4904 ‚
1104 4841 1320 4914 inquit,
1351 4849 1563 4917 primus
1604 4842 1674 4911 ό·
1774 4845 1881 4901 niae
1913 4886 1928 4911 ,
1965 4845 2057 4918 qui
2098 4863 2272 4901 tamen
2319 4866 2430 4902 non
2470 4862 2678 4902 auream
2712 4883 2729 4908 ,
2788 4839 2879 4897 sed
2921 4839 3214 4895 lumniam

224 4929 459 4964 auream
547 4923 749 4964 amam
784 4909 855 4976 ό·
880 4909 1117 4979 solidam
1172 4920 1403 4983 Gorgias
1458 4925 1677 4972 Leonte-
1775 4915 1879 4972 este
1914 4921 1987 4974 ait
2013 4958 2025 4978 ,
2065 4915 2157 4972 lib.
2201 4937 2256 4974 x.
2295 4919 2477 4974 Idem.
3181 4981 3188 4988 ‚

225 5001 327 5037 nus
381 4989 462 5035 De
480 4982 607 5053 phs's
646 4985 704 5035 in
742 4982 936 5054 templo
961 4981 1071 5056 fibi
1100 4992 1312 5057 posuit,
1340 4984 1675 5059 septuagess-
1847 4991 1963 5050 (³)
1996 4985 2238 5050 Ocules)
2276 4987 2457 5046 Lamb.
2496 4985 2706 5048 oculis,
2748 4980 2885 5036 alios
2924 4981 3020 5054 qui
3058 4995 3222 5034 nura»

227 5071 324 5108 raa
359 5057 573 5112 circiter
612 5053 913 5132 aljmpr‘ade
950 5077 966 5109 .·
1022 5071 1223 5112 tantus
1276 5075 1397 5114 erat
1436 5059 1674 5116 docenda
1776 5057 1880 5113 bus
1918 5059 2310 5116 mederemur.-
