4359 6321
1220 476 1408 593 284
1806 390 1811 412 Ι
2023 468 2262 563 DE
2385 464 3144 570 CLARIS

1077 608 1298 687 pigeat
1322 645 1338 663 .
1396 597 1585 665 Vide·
1621 595 1796 683 satis
1848 591 2071 681 ampla
2122 584 2257 656 baec
2299 590 2447 685 fore
2494 604 2797 675 excerpta
2847 585 3184 674 historica,
3233 588 3403 658 nihil
3452 608 3526 661 ut
3561 594 3771 684 spatii
3818 612 4082 676 criticis

1089 698 1450 786 relinquant
1475 750 1497 782 ,
1548 697 1660 771 vel
1710 701 2045 767 oratorum
2101 708 2296 775 neque
2344 686 2567 755 horum
2608 708 2919 774 generum
2973 688 3154 781 ulla,
3190 689 3251 781 fi
3299 714 3534 765 verum
3575 702 3920 797 fatemur,
3971 708 4088 780 bic

1085 804 1336 872 Brutus
1392 798 1743 875 admodum
1793 791 2138 890 defiderat,
2193 791 2692 869 ouva-rue,

1888 1003 2033 1070 ΠΜ
2083 1020 2124 1070 e
2170 995 2403 1065 Cilicia
2453 995 2772 1066 decedens
2824 991 3142 1064 Rhodum
3196 998 3529 1073 venissem
3576 1056 3604 1092 ,
3649 1005 3722 1080 dt
3782 1029 3864 1079 eo
3912 1013 4091 1086 mihi.

1939 1104 2023 1174 de
2052 1096 2493 1187 QHortenfii
2542 1115 2758 1167 morte
2804 1096 2973 1165 esset
3030 1097 3357 1191 allatum,
3406 1107 3719 1195 opinione
3770 1118 4087 1190 omnium

1939 1208 2262 1285 majorem
2313 1199 2541 1266 animo
2590 1201 2729 1288 cepi
2781 1198 3120 1269 dolorem.
3168 1206 3351 1273 Nam
3403 1209 3475 1277 &
3536 1212 3753 1280 amico
3804 1216 4084 1308 amisso,

1937 1327 2102 1381 cum
2152 1300 2628 1373 consuetudine
2683 1300 2971 1382 jucunda
3006 1352 3035 1388 ,
3081 1317 3229 1371 tum
3282 1307 3657 1380 multorum
3708 1316 4083 1391 officiorum

1934 1405 2401 1484 coniunstione
2470 1422 2580 1475 me
2628 1402 2968 1496 privatum
3017 1402 3331 1478 videbam
3377 1463 3400 1498 ,
3471 1413 3544 1483 δε
3600 1415 3895 1487 interitu·
3932 1423 4080 1492 talis

1938 1508 2209 1597 auguris
2259 1505 2655 1596 dignitatem
2706 1504 2906 1574 nostri
2957 1505 3225 1596 collegii
3273 1509 3673 1585 diminutam
3720 1516 4072 1591 dolebam.-

1938 1630 2071 1705 qua
2126 1611 2193 1675 in
2245 1606 2650 1695 cogitatione
2688 1658 2709 1694 ,
2779 1609 2850 1679 δε
2907 1623 3292 1696 cooptatum
3343 1633 3453 1684 me
3499 1612 3584 1684 ab
3630 1638 3710 1687 eo
3760 1623 3833 1688 in
3879 1626 4077 1693 colle-

1077 1720 1273 1809 gium
1325 1707 1772 1803 recordabar-,³
1815 1717 1887 1792 in
1938 1733 2073 1810 quo
2126 1711 2382 1789 iuratus
2434 1708 2759 1788 judicium
2812 1707 3156 1798 dignitatis
3206 1734 3367 1784 meae
3420 1714 3711 1807 fecerat²
3756 1724 3829 1792 ὅ(
3887 1726 4079 1793 inau-

1078 1833 1401 1908 guratum
1457 1812 1536 1884 ab
1588 1817 1871 1910 eodem3
1924 1841 2008 1888 ex
2061 1835 2236 1905 quc,
2288 1830 2628 1900 augurum
2676 1808 2988 1880 institutis
3018 1863 3039 1896 ,
3088 1812 3165 1880 in
3210 1820 3498 1903 parentis
3552 1841 3716 1888 eum
3761 1824 3914 1895 loco
3963 1850 4083 1896 co-

1075 1923 1215 1987 lere
1266 1915 1577 1987 debebam
1607 1967 1627 1992 .,
1679 1921 1989 2014 Augebat
2040 1917 2248 1983 etiam
2302 1911 2673 1981 molestiam
2706 1965 2728 1998 ,
2776 1912 2952 2001 quod
3002 1934 3256 2001 magna
3301 1916 3694 2008 sapientium
3742 1927 4003 1997 civium
4051 1981 4077 2015 ,

1076 2022 1539 2109 bonorumque
1594 2028 1871 2106 penuria
1908 2077 1938 2109 ι
2006 2019 2108 2085 vir
2159 2017 2469 2106 egregius
2509 2067 2530 2099 ,
2578 2012 3271 2105 conjunfflffimusque
3325 2040 3595 2091 mecum
3641 2027 4082 2099 consiliorum

1074 2125 1378 2192 omnium
1436 2121 1735 2191 societate
1791 2179 1809 2212 ‚
1861 2117 2243 2190 alieniffimo
2293 2112 2656 2204 reipublicae
2708 2130 3009 2203 tempore
3058 2118 3433 2207 extinstuS,
3479 2125 3548 2194 δε
3605 2125 4013 2199 auctoritatis
4051 2181 4093 2217 2

1075 2228 1143 2295 &
1204 2223 1561 2312 prudentiae
1587 2225 1711 2294 suae
1769 2226 1949 2293 triste
2001 2219 2190 2307 nobis
2245 2216 2639 2286 defiderium
2689 2218 3088 2307 reliquerat:
3142 2217 3618 2316 dolebamque,
3661 2228 3841 2317 quod
3882 2253 4016 2297 non
4044 2284 4090 2317 ,,

1073 2344 1147 2394 ut
1209 2326 1505 2414 plerique
1557 2326 1934 2413 putabant,
2002 2319 2456 2395 adversarium
2505 2371 2526 2405 ,
2595 2333 2716 2387 aut,
2781 2317 3292 2390 obtrestatorem
3361 2324 3633 2396 laudum
3700 2348 4006 2398 mearum
4051 2383 4093 2417 2

1069 2428 1178 2495 sed
1235 2425 1491 2494 socium
1548 2431 1772 2516 potius
1807 2483 1827 2515 ‚
1882 2431 1950 2496 &
2007 2422 2384 2491 consortem
2434 2420 2704 2511 gloriosi
2753 2419 2998 2489 laboris
3054 2422 3403 2492 amiseram
3445 2475 3472 2493 t
3515 2429 3779 2496 Etenim
3822 2482 3843 2514 ,
3897 2432 3944 2497 st
3998 2434 4089 2499 in

1069 2530 1406 2598 leviorum
1462 2531 1702 2595 artium
1761 2529 1970 2597 studio
2009 2526 2353 2596 memoriae
2404 2520 2747 2611 proditum.
2789 2523 2883 2589 est
2933 2576 2952 2609 ,
3023 2542 3251 2611 poetas
3290 2525 3551 2596 nobiles
3590 2545 3936 2615 poetarum
3985 2557 4077 2601 τε-

1073 2629 1380 2722 qualium
1432 2646 1646 2697 morte
1697 2628 1987 2699 doluisse
2026 2650 2048 2693 .·.
2126 2647 2261 2715 quo
2324 2625 2599 2694 tandem,
2649 2623 2879 2691 animo
2944 2623 3091 2701 ejus
3160 2626 3506 2697 interitum
3578 2628 3751 2698 ferre
3821 2629 4087 2722 debui,

1067 2752 1227 2802 cum
1287 2752 1417 2821 quo
1467 2746 1725 2802 certare
1775 2747 1919 2799 erat
1974 2727 2325 2821 gloriofius
2366 2778 2387 2812 ,
2450 2744 2662 2816 quam
2714 2724 2993 2793 omnino
3045 2728 3503 2798 adversarium
3570 2752 3714 2798 non
3767 2731 4001 2804 habere
4038 2739 4086 2802 ἓ

1069 2855 1227 2902 cum
1284 2830 1650 2923 praesertim
1706 2856 1838 2901 non
1896 2830 2101 2900 modo
2150 2848 2503 2917 nunquam
2552 2827 2628 2893 fit
2679 2844 2796 2895 aut
2850 2826 3032 2895 illius
3101 2850 3140 2895 a
3193 2849 3307 2896 me
3357 2832 3618 2904 cursus..·
3645 2836 4005 2924 impeditus
4053 2889 4087 2925 ,

1078 2951 1192 3003 aut
1246 2933 1326 3002 ab
1381 2935 1511 3005 illo
1560 2955 1746 3005 meus
1788 2985 1820 3023 ,¹
1879 2932 1989 3003 sed
2040 2947 2271 3000 contra
2328 2931 2577 3018 semper
2629 2928 2795 2998 alter
2847 2923 2926 2996 ab
2977 2927 3199 2998 altero·
3239 2930 3508 3009 adjutus
3562 2936 3632 3003 &
3694 2939 4079 3006 communi-

1075 3037 1289 3105 cando
1349 3039 1417 3107 &
1482 3037 1813 3106 monendo
1852 3090 1875 3123 ,
1923 3037 1989 3106 ὅ(
2053 3032 2381 3101 favendo.
2435 3031 2559 3100 Sed
2609 3085 2632 3119 ‚
2685 3033 2997 3123 quoniam
3043 3048 3356 3121 perpetua
3408 3036 3704 3126 quadam
3758 3039 4091 3109 felicitate-

1080 3137 1236 3210 usus
1288 3138 1447 3225 ille,
1500 3140 1678 3209 ceffit
1726 3160 1765 3208 e
1816 3140 2008 3224 vita,
2057 3136 2186 3204 suo.
2224 3135 2499 3225 magis,
2539 3153 2742 3227 quam
2795 3134 3068 3204 suorum
3120 3134 3383 3205 civium.
3413 3155 3711 3229 tempore
3729 3168 3764 3228 ,χ
3807 3144 3884 3214 δε
3927 3162 4083 3214 tum

1078 3239 1362 3326 occidit,
1412 3263 1569 3311 cum
1622 3244 1857 3332 lugere
1908 3239 2173 3309 facilius
2220 3234 2699 3326 rempublicam
2757 3237 3029 3326 posset,
3075 3235 3124 3303 si
3176 3238 3425 3307 viveret
3465 3295 3497 3329 ,t
3538 3263 3739 3334 quam
3797 3245 4093 3331 iuvare3„

1083 3343 1388 3433 vixitque
1441 3362 1591 3415 tam
1636 3343 1746 3420 diu
1782 3394 1804 3430 ,
1851 3361 2057 3432 quam
2107 3339 2297 3409 licuit
2350 3340 2416 3406 in
2468 3339 2734 3407 civitate
2785 3337 2946 3407 bene
3003 3335 3322 3430 beateque
3372 3342 3638 3429 yivere:
3693 3343 3923 3413 nostro
3970 3348 4088 3414 in-

1084 3442 1435 3514 commodo
1487 3446 2019 3536 detrimentoque
2056 3496 2078 3530 ‚
2147 3441 2195 3519 fi
2247 3441 2339 3508 est
2392 3442 2483 3508 ita
2532 3437 2795 3508 necesse
2828 3492 2869 3539 ι,
2909 3438 3253 3508 doleamus
3292 3464 3320 3507 ι.
3378 3443 3557 3511 illius
3625 3463 3789 3511 vero·
3823 3451 4085 3514 mortis

1081 3545 1647 3633 opportunitatem
1710 3546 2172 3615 benevolentia
2241 3543 2457 3632 potius
2533 3564 2738 3631 quam
2808 3540 3250 3611 misericordia
3319 3543 3777 3634 prosequamur
3828 3597 3849 3629 ,
3920 3563 4000 3613 ut
4053 3601 4081 3633 ‚

1084 3645 1632 3738 quotiescumque
1698 3648 1780 3720 de
1827 3644 2178 3714 clariffimo
2248 3646 2324 3716 δε,
2379 3642 2731 3739 beatiffimo
2769 3644 2948 3734 ,viro
3020 3644 3388 3734 cogitemus
3425 3699 3446 3733 ,
3512 3646 3712 3715 illum
3771 3648 3987 3735 potius
4063 3703 4090 3735 ,

1088 3763 1293 3833 quam
1350 3744 1775 3834 nosmetipsos
1811 3798 1833 3833 ,
1881 3745 2151 3832 diligere
2209 3744 2550 3813 videamur
2592 3793 2623 3814 ..
2668 3751 2849 3814 Nam
2902 3798 2924 3833 ,
2974 3745 3030 3815 fi
3075 3745 3153 3816 id
3195 3749 3543 3834 dolemus,
3589 3747 3768 3838 quod
3803 3768 3896 3815 eo
3933 3749 4098 3826 iam.

1091 3845 1223 3911 frui
1276 3843 1467 3913 nobis,
1513 3867 1646 3913 non
1696 3847 1906 3936 licet3·
1948 3845 2252 3915 nostrum
2295 3845 2510 3916 estid
2564 3849 2870 3917 malum:
2928 3848 3103 3942 quod.
3153 3848 3408 3918 modice
3459 3849 3753 3918 feramus
3795 3902 3832 3936 ι
3866 3870 3951 3917 ne
4002 3853 4083 3918 id

1094 3966 1227 4013 non
1279 3945 1364 4014 ad.
1410 3949 1827 4036 amicitiam,
1903 3947 2017 4015 sed
2075 3951 2156 4016 ad
2208 3947 2643 4019 domesticam
2687 3941 3069 4025 utilitatem
3114 3949 3365 4021 referre
3441 3950 3790 4020 videamur
3827 4001 3844 4018 .
3899 3951 4011 4018 Sin
4053 4005 4080 4037 ,

1090 4064 1413 4141 tanquam
1460 4047 1563 4118 illi
1620 4050 1733 4142 ipsi
1786 4048 2151 4120 acerbitatis
2205 4049 2451 4141 aliquid
2503 4054 2822 4121 acciderit
2861 4105 2890 4136 ,,
2925 4051 3242 4143 angimur
3265 4078 3297 4141 ς,
3342 4051 3681 4121 summam
3730 4052 3868 4131 eius
3916 4050 4068 4118 feli-

1089 4151 1360 4218 citatem
1407 4173 1545 4222 non
1595 4152 1758 4221 satis..
1801 4170 2004 4243 grato
2039 4154 2266 4221 animo
2320 4155 2869 4241 interpretamur„

1193 4254 1281 4319 11.
1340 4255 1599 4329 Etenim
1655 4255 1703 4323 fi
1758 4256 2009 4324 viveret
2065 4262 2148 4342 Q.
2172 4256 2566 4326 Hortensius
2601 4310 2622 4344 ,
2676 4276 2903 4326 caetera
2959 4252 3232 4326 fortasse.
3274 4253 3674 4326 desideraret
3728 4275 3868 4323 una.
3912 4274 4082 4321 cum

1096 4352 1366 4443 reliquis
1420 4354 1604 4424 bonis
1652 4359 1725 4429 δε
1784 4356 2071 4427 fortibus.
2111 4357 2408 4428 civibus:
2463 4356 2644 4427 hunc
2699 4376 2921 4427 autem
2976 4362 3047 4432 δε
3106 4372 3346 4446 praeter
3385 4371 3695 4442 υκαι-ος,
3745 4371 3860 4424 aut
3912 4375 4084 4431 cum

1094 4453 1317 4540 paucis
1371 4456 1699 4526 sustineret
1755 4458 2122 4548 dolorem,
2186 4483 2346 4529 cum
2396 4460 2616 4533 forum
2670 4463 2887 4549 populi
2943 4462 3234 4529 Romani
3271 4513 3306 4549 ,¹
3370 4457 3552 4551 quod
3609 4452 3839 4527 fuisset
3889 4456 4077 4546 quafi

1095 4552 1432 4624 theatrum
1484 4559 1667 4629 illius
1717 4562 2028 4649 ingenii,
2080 4583 2243 4633 voce
2294 4561 2548 4631 erudita
2586 4614 2609 4649 ,
2661 4566 2729 4633 ἂ
2791 4564 3115 4630 Romanis
3153 4612 3176 4647 ,
3223 4561 3611 4651 Graecisque.
3650 4556 3923 4631 auribus
3974 4560 4077 4626 di-

1095 4675 1275 4741 gna,
1334 4653 1689 4744 spoliatum
1736 4677 1929 4751 atque
1978 4663 2281 4734 orbatum
2333 4663 2611 4731 videret.
2665 4664 2991 4754 Equidem
3043 4681 3250 4749 angor
3303 4663 3532 4731 animo
3585 4712 3607 4747 ,
3675 4681 3809 4728 non
3860 4659 4079 4728 confi-

1091 4756 1211 4843 lii,
1262 4771 1396 4823 non
1451 4759 1745 4847 ingenii,
1796 4782 1928 4830 non
1983 4766 2396 4834 auctoritatis
2448 4767 2651 4832 armis
2700 4785 2896 4854 egere
2949 4761 3474 4852 rempublicam,
3523 4784 3667 4851 quae
3701 4760 4073 4830 didiceram

1096 4857 1416 4946 tractare,
1469 4858 1832 4951 quibusque
1884 4885 1991 4931 me
2047 4867 2569 4953 assuefeceram,
2621 4885 2892 4957 quaeque
2938 4881 3133 4933 erant
3181 4868 3444 4956 propria
3496 4883 3667 4934 cum.
3706 4861 4075 4955 praestantis

1098 4960 1170 5023 in
1222 4961 1553 5050 republica
1612 4964 1793 5050 viri,
1861 4981 2004 5034 tum
2057 4966 2218 5039 bene
2269 4985 2530 5035 moratae.
2587 4972 2656 5039 δε
2714 4968 2876 5038 bene
2929 4967 3284 5036 constitutae
3337 4967 3622 5035 cIvitatis
3669 5011 3693 5032 .
3767 4964 3971 5050 ond
4023 4961 4071 5029 st

1101 5057 1228 5126 fuit
1302 5067 1367 5131 in
1425 5061 1757 5155 republica
1822 5083 2086 5159 tempus
2136 5071 2355 5139 ullum
2401 5122 2420 5155 ,
2485 5093 2641 5139 cum
2716 5087 3106 5161 extorquere
3157 5088 3353 5138 arma⁴
3391 5067 3601 5157 posset
3669 5086 3709 5136 e
3760 5064 4071 5135 manibus

2961 5216 3015 5268 3
3841 5185 3964 5234 ira-
