4359 6321
863 442 1485 535 LIBER
1607 438 2700 535 SECUNDUS.
2971 469 3152 561 229

320 561 609 647 auribus,
662 574 777 629 aut
828 562 1285 650 cogitatione3
1351 562 1399 629 fi
1450 560 1652 633 etiam
1700 559 2054 629 oculorum
2120 560 2698 630 commendatione
2764 558 2999 627 animis
3067 562 3281 629 trade-

316 682 580 751 rentur3
628 679 705 729 ut
758 682 860 729 res
910 682 1156 748 caecaS,
1207 664 1277 731 δί
1334 662 1415 727 ab
1465 654 1755 749 aspeRus
1809 659 2057 738 iudicio
2098 680 2392 732 remotas
2430 714 2451 745 ,
2503 662 2944 730 conformatio
2987 662 3281 749 quaedam

314 769 375 836 &
431 766 657 851 imago
710 765 779 833 &
836 761 1051 851 figura
1102 764 1195 829 ita
1248 778 1501 829 notaret
1541 814 1563 848 ,
1632 778 1709 829 ut
1760 780 1837 828 ea
1873 812 1905 847 ,
1949 785 2091 851 quae
2140 763 2498 853 cogitando
2547 762 2894 853 complecti
2949 772 3100 851 (a)
3148 783 3282 829 non

314 864 665 954 poffemuS‚
716 860 1037 932 intuendo
1086 863 1268 951 quali
1324 880 1739 931 teneremus.
2655 884 2664 895 ·

404 966 535 1031 His
584 981 813 1034 autem
865 963 1101 1031 formis
1152 980 1349 1052 atque
1396 961 1775 1050 corporibus
1814 1014 1837 1046 ,
1908 964 2071 1032 sicut
2120 962 2426 1031 omnibus
2464 1013 2485 1046 ,
2553 986 2698 1052 quae
2751 965 2868 1035 sub
2946 964 3284 1053 aspestum

312 1066 639 1151 veniunt,
713 1064 887 1133 sedes
958 1084 1121 1151 opus
1184 1064 1338 1133 est:
1412 1065 1662 1131 etenim
1730 1083 1965 1150 corpus
2037 1063 2314 1152 intelligi
2392 1062 2523 1130 sine
2593 1063 2742 1129 loco
2810 1088 2944 1131 non
3017 1066 3221 1154 potest
3271 1112 3289 1130 .

313 1172 535 1251 Qare
589 1185 675 1234 ne
726 1168 793 1233 in
849 1183 921 1229 re
974 1180 1127 1231 nota
1180 1166 1251 1233 δε
1307 1164 1701 1252 pervulgata
1750 1165 2003 1232 multus
2062 1168 2131 1233 &
2189 1163 2475 1231 insolens
2529 1164 2692 1245 sim,
2743 1163 2906 1229 locis
2957 1165 3050 1231 est
3101 1184 3288 1233 uten-

308 1266 471 1337 dum
522 1266 794 1353 multis,
846 1262 1215 1331 illustribus
1249 1316 1269 1349 ‚
1324 1265 1669 1353 explicatis
1708 1316 1729 1349 ‚
1798 1265 2073 1333 modicis
2123 1264 2494 1333 intervallis
2535 1288 2557 1325 .·
2615 1264 3015 1352 imaginibus
3065 1281 3290 1333 autem

309 1367 657 1457 agentibus
698 1419 719 1452 ,
790 1366 1049 1433 acribus
1091 1417 1111 1448 ‚
1163 1365 1487 1453 insignitis
1523 1417 1544 1450 ,
1596 1388 1741 1456 quae
1789 1384 2137 1433 occurrere
2175 1416 2197 1449 ,
2271 1364 2702 1455 celeriterque
2769 1382 3104 1452 percutere
3154 1368 3296 1431 ani-

308 1490 498 1537 mum
550 1468 775 1554 poffint
812 1514 829 1533 .
904 1470 1135 1550 Quam
1206 1466 1591 1533 facultatem
1647 1469 1717 1535 &
1772 1468 2159 1533 exercitatio
2231 1464 2468 1551 dabit,
2533 1486 2616 1531 ex
2690 1487 2818 1553 qua
2887 1466 3293 1535 consuetudo

308 1570 611 1659 gignitur
648 1620 669 1653 ,
709 1571 778 1637 δε
841 1567 1157 1635 similium
1208 1567 1559 1635 verborum
1612 1567 1926 1635 conversa
1976 1570 2045 1637 &
2104 1567 2457 1633 immutata
2507 1564 2755 1632 casibus
2792 1617 2813 1650 ,
2881 1584 2993 1634 aut
3064 1568 3293 1636 tradu-

307 1672 423 1743 &a
472 1688 553 1733 ex
609 1686 787 1755 parte
840 1668 919 1735 ad
968 1689 1181 1757 genus
1234 1670 1521 1755 notatio,
1574 1668 1645 1735 &
1702 1669 1903 1737 unius
1962 1662 2141 1735 verbi
2191 1667 2481 1755 Imagine
2531 1667 2732 1735 totius
2786 1665 3114 1735 sententiae
3194 1671 3293 1736 in.

310 1766 661 1853 formium,
708 1769 971 1857 pifioris
1020 1768 1369 1847 cuiusdam
1438 1769 1682 1837 summi
1752 1770 2007 1839 ratione
2076 1770 2147 1838 &
2208 1765 2403 1835 modo
2447 1820 2471 1851 ‚
2537 1767 2946 1837 formarum·
2981 1773 3295 1840 varietate

312 1866 495 1949 locos
542 1868 1037 1957 distinguentis.

416 1973 867 2037 LXXXVIII.
922 1960 1046 2039 Sed
1098 1969 1455 2041 verborum
1506 1977 1823 2042 memoria
1878 1983 1905 2061 (
1957 1979 2049 2057 56
2088 1984 2115 2063 )
2155 2023 2179 2059 ,
2227 1994 2372 2062 quae
2427 1974 2648 2039 minus
2695 1970 2784 2039 est'
2839 1972 3028 2040 nobis·
3073 1969 3296 2039 necef-

306 2065 519 2153 saria,
570 2071 820 2147 maiore
872 2072 1243 2159 imaginum
1302 2076 1619 2141 varietate
1669 2075 2126 2164 distinguitur.
2178 2074 2398 2140 Multa
2447 2076 2624 2139 enim
2645 2072 2792 2140 sunt
2831 2071 3067 2157 verba,
3117 2094 3300 2163 quae,

302 2166 488 2255 quali
544 2171 845 2255 articuli,
892 2173 1299 2241 connestunt
1350 2174 1645 2243 membra
1696 2176 2005 2244 orationis
2042 2225 2065 2260 ,
2112 2196 2259 2264 quae
2313 2174 2586 2240 formari
2644 2170 3060 2241 similitudine
3109 2172 3294 2240 nulla

302 2264 600 2354 possunt:
654 2291 885 2338 eorum
937 2272 1271 2361 fingendae
1322 2276 1507 2343 nobis
1556 2275 1709 2342 sunt
1764 2278 2129 2365 finagium,
2179 2272 2416 2364 quibus
2468 2273 2714 2361 semper
2767 2291 3040 2341 utamur
3079 2322 3094 2338 .
3167 2278 3299 2340 Re-

304 2388 463 2436 rum
510 2374 829 2441 memoria
880 2376 1139 2463 propria
1188 2374 1286 2441 est
1330 2378 1641 2443 oratoris.
1698 2380 1867 2444 Eam
1920 2377 2196 2463 singulis
2249 2374 2542 2463 personis
2589 2374 2748 2441 bene
2803 2377 3019 2461 politis
3089 2386 3304 2462 (57)

304 2485 535 2537 notare
585 2475 951 2560 poffumuS,
1004 2492 1075 2541 ut
1132 2474 1488 2547 sententias
1540 2478 1935 2567 imaginibus
1959 2530 1993 2562 ,.
2029 2478 2332 2543 ordinem
2387 2477 2548 2543 locis
2597 2476 3234 2562 comprehendamus
3270 2520 3296 2543 .

304 2574 544 2659 Neque
596 2594 830 2643 verum
882 2574 1031 2660 est,
1080 2578 1255 2665 quod
1305 2576 1387 2643 ab
1436 2578 1749 2646 inertibus
1799 2579 2037 2645 dicitur
2075 2632 2095 2663 ,
2151 2579 2430 2665 opprimi
2483 2576 2867 2643 memoriam
2919 2576 3308 2664 imaginum.

303 2670 645 2758 pondere,
693 2680 761 2745 &
820 2675 1151 2745 obscurari
1202 2681 1405 2745 etiam
1448 2678 1517 2745 id
1556 2731 1587 2763 ,
1646 2678 1823 2769 quod
1874 2699 1984 2766 per
2040 2678 2103 2745 se
2155 2694 2391 2746 natura
2459 2694 2678 2743 tenere
2728 2678 3018 2764 potuiss'et
3053 2722 3080 2741 .-
3141 2674 3302 2742 Vidi

304 2772 491 2837 enim
540 2794 666 2863 ego
718 2776 1013 2845 summos
1062 2780 1363 2847 homines
1400 2831 1419 2864 ,
1492 2781 1561 2848 &
1633 2780 1885 2847 divina·
1924 2800 2119 2867 prope
2166 2779 2486 2845 memoria
2525 2833 2544 2863 ,
2617 2778 2898 2843 Athenis
2967 2776 3300 2843 chasma·-
3341 2781 3346 2789 '

306 2871 521 2959 dam3
570 2874 639 2943 in
692 2879 853 2945 Asia
889 2933 910 2966 ,
960 2901 1157 2969 quem
1214 2882 1435 2947 vivere
1485 2878 1678 2947 hodie
1729 2882 1960 2965 ajunt,
2026 2880 2358 2968 Scepsium
2409 2876 2866 2945 Metrodorum
2908 2904 2928 2966 3
2999 2898 3288 2966 quorum

308 2988 591 3062 uterque
642 2993 965 3067 tanquam
1018 2982 1223 3047 literis
1274 2983 1351 3046 in.
1396 3001 1591 3063 cera,
1646 2980 1727 3048 fic
1784 2982 1847 3047 se
1902 2982 2109 3059 ajebat
2164 2978 2563 3069 imaginibus
2615 2982 2684 3047 in
2737 2982 2816 3046 iis
2864 2980 3070 3065 lociS,
3119 2982 3286 3070 quos

306 3071 579 3139 haberet
618 3125 639 3157 ‚
684 3098 825 3164 quae
877 3080 1234 3145 meminisse
1293 3080 1487 3144 vellet
1530 3132 1551 3164 ‚
1598 3080 1985 3167 perscribere
2027 3132 2053 3147 .
2122 3086 2348 3165 Quare
2419 3081 2554 3147 hac.
2615 3079 3079 3147 exercitatione
3125 3088 3296 3152 umn-

312 3172 611 3237 eruenda
634 3182 957 3244 memoria
1009 3177 1143 3260 est,
1199 3177 1245 3241 fi
1298 3175 1389 3241 est
1436 3179 1627 3244 nulla
1650 3183 1999 3246 natur-alis:
2056 3181 2163 3248 sed
2186 3200 2408 3266 certe,
2455 3181 2500 3246 fi
2555 3181 2759 3265 latet,
2809 3177 3295 3266 evoca-iidaest.

423 3269 697 3336 Habetis
755 3272 1131 3343 sermonem
1181 3275 1345 3340 bene
1397 3275 1683 3364 longum
1735 3281 2021 3346 hominis
2074 3282 2332 3347 utinam
2405 3300 2544 3344 non
2594 3277 3054 3366 impudentis:
3123 3279 3302 3344 illud.

315 3370 587 3458 quidem
640 3389 889 3458 certe1,„
926 3395 1060 3442 non
1114 3376 1325 3442 nimis·
1368 3375 1778 3443 verecundi:
1844 3380 1971 3466 qui·
2033 3378 2312 3468 quidem
2367 3397 2529 3445 cum
2569 3361 2646 3442 ‘te
2689 3429 2720 3461 ‚.
2781 3375 3020 3443 Catule
3060 3426 3081 3460 ‚
3147 3393 3292 3444 tum

307 3472 521 3538 etiam.
572 3477 649 3540 L.
675 3477 894 3543 Crasso
945 3477 1287 3560 audiente,
1336 3477 1417 3542 de
1466 3476 1724 3544 dicendi
1774 3480 2027 3544 ratione
2081 3494 2218 3544 tam
2271 3478 2488 3545 multa
2539 3476 2880 3544 dixerim.·
2913 3477 3090 3542 Nam
3144 3477 3294 3544 isto·-

306 3591 468 3641 rum
514 3591 669 3640 aetas
718 3577 942 3644 minus
994 3598 1101 3643 me
1126 3576 1380 3644 fortasse
1436 3599 1697 3644 movere
1749 3579 1970 3646 debuit
2001 3627 2017 3642 .
2070 3576 2195 3645 Sed
2247 3579 2410 3644 mihi
2463 3578 2810 3666 ignoscetis
2862 3577 3192 3666 profecte,
3243 3579 3300 3646 Γιι

307 3671 576 3788 modo,
612 3696 751 3763 quae
774 3677 968 3747 causa
1021 3699 1129 3747 me
1179 3677 1453 3750 adhanc
1506 3677 1841 3748 insolitam
1892 3679 2055 3746 mihi
2110 3679 2580 3768 loquacitatem
2634 3679 2974 3768 impulerit
3018 3730 3036 3762 ‚
3103 3699 3294 3748 acce-

307 3775 585 3860 peritis.

2813 3883 3192 3950 LXXXIX.

316 4141 3262 4167 mmm—affl·—

388 4260 467 4320 (a
494 4264 681 4323 YNon
706 4254 915 4320 )‘Vi&.
955 4257 1107 4312 Man.
1145 4225 1323 4310 Lamb.
1362 4259 1467 4310 vix
1490 4293 1505 4309 .
1856 4254 2098 4326 quamvis
2149 4254 2300 4310 nihil
2355 4253 2526 4311 fimiie
2565 4225 2800 4312 habeant
2833 4293 2852 4316 ‚
2907 4252 3074 4322 longo
3111 4267 3290 4326 tamen

387 4332 419 4390 (
440 4333 551 4400 5‘6)
586 4328 688 4385 Sed
723 4327 1283 4384 verborum-memoria
1301 4323 1463 4390 &cd
1498 4323 1589 4382 U't
1608 4321 1755 4382 hunc

304 4399 501 4458 locum
554 4397 914 4470 intelligamus
945 4437 965 4462 ‚
1015 4396 1427 4472 observandum·
1452 4395 1527 4451 est
1556 4435 1572 4459 ‚
1610 4401 1759 4451 ima-

298 4471 489 4542 gines}
524 4470 671 4527 aliud
707 4468 957 4541 quiddam
1009 4465 1306 4538 significare
1329 4507 1345 4532 ,
1392 4487 1449 4523 ac
1489 4465 1757 4522 simulacra

300 4549 373 4601 &
412 4539 873 4600 similitudinem'.
926 4541 1061 4597 Non
1100 4558 1248 4596 enim
1302 4535 1511 4594 necesse
1547 4537 1658 4602 est,
1696 4557 1756 4594 ut

299 4617 603 4685 imagines·
652 4611 862 4684 semper
918 4610 1110 4667 similes
1148 4609 1257 4668 lint
1294 4609 1361 4666 iis
1398 4607 1549 4668 rebus
1578 4651 1595 4674 ‚
1630 4625 1759 4680 quas

299 4685 381 4744 ad
420 4683 735 4742 memoriam
772 4682 1124 4752 adjuvandam
1164 4679 1557 4753 repraesentant
1593 4720 1607 4736 .
1648 4679 1759 4738 Di-

298 4775 411 4814 cet
446 4757 615 4828 igitur
650 4755 935 4813 Antonius
959 4793 976 4816 ‚
1018 4753 1184 4810 multa
1228 4753 1425 4818 verba,
1465 4769 1523 4808 ut
1560 4751 1758 4808 adver-

302 4829 413 4886 bia·
442 4869 459 4894 ,
511 4823 927 4901 praepofitiones
962 4864 979 4888 ,
1034 4830 1153 4881 ἃς..
1193 4821 1553 4882 similitudine
1606 4823 1756 4880 nulla

299 4897 615 4972 significari
668 4894 821 4969 posse
854 4937 870 4952 .
920 4895 975 4952 Si
1016 4893 1181 4964 igitur
1233 4913 1418 4952 eorum
1453 4891 1756 4953 meminisse

300 4971 587 5036 velimus,
624 4965 838 5028 necesse
874 4965 952 5045 est
992 4965 1348 5046 inpromptu·
1380 4967 1574 5024 habere
1600 4985 1758 5037 quam

291 5043 577 5120 plurimas
631 5039 776 5113 quali
827 5040 1129 5098 arbitraria-s
1196 5047 1453 5108 imagines
1503 5077 1522 5104 ,

1580 5055 1699 5107 ‘111ae
1738 5077 1771 5103 2.

1858 4325 1953 4383 usu
1992 4345 2260 4396 percepta!
2319 4343 2376 4380 ea
2416 4325 2574 4381 verba
2599 4367 2617 4390 ,
2669 4323 2852 4396 quibus
2891 4344 3021 4393 opus·
3059 4320 3134 4378 est
3167 4363 3184 4386 ‚
3221 4319 3293 4376 ob

1856 4397 2039 4452 oculos
2094 4395 2306 4452 nostros
2358 4413 2574 4466 ponant
2603 4435 2628 4452 .
2678 4399 2834 4452 Hanc
2883 4413 3054 4450 autem
3109 4409 3300 4448 verant

1856 4465 1969 4522 esse
2002 4467 2518 4536 interpretationem
2549 4464 2875 4525 confirmant
2897 4467 3051 4522 verba
3068 4464 3294 4534 Quinst.

1858 4539 1979 4595 Lib.
2016 4541 2101 4596 11.
2134 4558 2182 4592 c.
2222 4557 2270 4594 2.
2317 4541 2486 4594 Mitto
2511 4581 2528 4602 ,
2558 4539 2702 4613 quod
2735 4539 2984 4613 quadam
3040 4535 3294 4600 (verba)

1860 4609 2038 4666 nullis
2080 4606 2396 4681 fimulacre‘s
2434 4607 2744 4684 signficari
2789 4609 3046 4682 poffients
3086 4605 3294 4661 habea-

1858 4700 1980 4737 mus
2029 4686 2173 4736 enim
2199 4679 2341 4750 sane
2380 4723 2396 4748 ‚
2443 4697 2512 4738 ut
2561 4685 2660 4759 qui
2697 4699 2838 4737 netis
2864 4679 3147 4750 scribunt,
3185 4695 3300 4732 cer-

1870 4767 1961 4810 tas
2000 4751 2251 4822 imagines
2288 4760 2528 4810 omnium
2566 4752 2681 4820 &a
2720 4757 2991 4807 Pearcius.

1926 4828 1955 4888 (“
1973 4826 2085 4894 57)
2115 4833 2258 4880 Eam
2261 4822 2502 4894 singulis
2519 4823 2754 4897 personis
2784 4823 2914 4878 bene
2938 4813 3306 4899 postas-&cd-

1866 4893 2115 4953 Personae
2170 4896 2228 4952 in
2283 4895 2388 4951 hoc
2441 4895 2566 4951 loco
2618 4891 2924 4963 (ignis-icant
2983 4905 3236 4956 imagines
3271 4926 3302 4952 ,.

1858 4962 2017 5026 facies
2054 4963 2229 5024 fictas·
2267 4967 2353 5024 Sic
2391 4968 2606 5024 Lucret.
2652 4983 2694 5019 i.
2731 4983 2785 5031 4.
2824 4985 2876 5018 2.
2915 4981 3005 5032 29.
3039 4959 3236 5014 Idem..
