<?xml version="1.0" encoding="UTF-8"?>
<!DOCTYPE html PUBLIC "-//W3C//DTD XHTML 1.0 Transitional//EN"
    "http://www.w3.org/TR/xhtml1/DTD/xhtml1-transitional.dtd">
<html xmlns="http://www.w3.org/1999/xhtml" xml:lang="en" lang="en">
 <head>
  <title>
</title>
<meta http-equiv="Content-Type" content="text/html;charset=utf-8" />
  <meta name='ocr-system' content='tesseract 3.04.00' />
  <meta name='ocr-capabilities' content='ocr_page ocr_carea ocr_par ocr_line ocrx_word'/>
</head>
<body>
  <div class='ocr_page' id='page_1' title='image "./operacumdelectu00dgoog_0223.png"; bbox 0 0 4359 6321; ppageno 0'>
   <div class='ocr_carea' id='block_1_1' title="bbox 802 490 3122 593">
    <p class='ocr_par' dir='ltr' id='par_1_1' title="bbox 802 490 3122 593">
     <span class='ocr_line' id='line_1_1' title="bbox 802 490 3122 593; baseline 0.002 -14"><span class='ocrx_word' id='word_1_1' title='bbox 802 492 1411 581; x_wconf 84' lang='lat' dir='ltr'><em>LIBER</em></span> <span class='ocrx_word' id='word_1_2' title='bbox 1528 490 2620 587; x_wconf 80' lang='lat' dir='ltr'>SECUNDUS.</span> <span class='ocrx_word' id='word_1_3' title='bbox 2947 527 3122 593; x_wconf 75' lang='lat'>201</span> 
     </span>
    </p>
   </div>
   <div class='ocr_carea' id='block_1_2' title="bbox 214 610 3236 3588">
    <p class='ocr_par' dir='ltr' id='par_1_2' title="bbox 229 610 3224 900">
     <span class='ocr_line' id='line_1_2' title="bbox 232 610 3224 707; baseline 0 -26"><span class='ocrx_word' id='word_1_4' title='bbox 232 632 487 695; x_wconf 81' lang='lat' dir='ltr'>mores,</span> <span class='ocrx_word' id='word_1_5' title='bbox 538 614 607 682; x_wconf 77' lang='grc' dir='ltr'>δε</span> <span class='ocrx_word' id='word_1_6' title='bbox 668 610 757 677; x_wconf 87' lang='lat' dir='ltr'>ita</span> <span class='ocrx_word' id='word_1_7' title='bbox 803 610 1259 698; x_wconf 83' lang='lat' dir='ltr'>effinguntur,</span> <span class='ocrx_word' id='word_1_8' title='bbox 1310 626 1383 675; x_wconf 85' lang='lat' dir='ltr'>ut</span> <span class='ocrx_word' id='word_1_9' title='bbox 1434 628 1596 694; x_wconf 87' lang='lat' dir='ltr'>aur,</span> <span class='ocrx_word' id='word_1_10' title='bbox 1646 632 1717 677; x_wconf 88' lang='lat' dir='ltr'>re</span> <span class='ocrx_word' id='word_1_11' title='bbox 1774 626 2039 684; x_wconf 80' lang='lat' dir='ltr'>narrata</span> <span class='ocrx_word' id='word_1_12' title='bbox 2088 614 2309 701; x_wconf 85' lang='lat' dir='ltr'>aliqua</span> <span class='ocrx_word' id='word_1_13' title='bbox 2351 670 2372 702; x_wconf 90' lang='lat'>‚</span> <span class='ocrx_word' id='word_1_14' title='bbox 2422 617 2646 707; x_wconf 87' lang='lat' dir='ltr'>quales</span> <span class='ocrx_word' id='word_1_15' title='bbox 2697 616 2846 685; x_wconf 87' lang='lat' dir='ltr'>sunt</span> <span class='ocrx_word' id='word_1_16' title='bbox 2899 670 2921 701; x_wconf 87' lang='lat'>‚</span> <span class='ocrx_word' id='word_1_17' title='bbox 2983 613 3224 684; x_wconf 85' lang='lat' dir='ltr'>intelli-</span> 
     </span>
     <span class='ocr_line' id='line_1_3' title="bbox 230 708 3222 807; baseline 0.001 -26"><span class='ocrx_word' id='word_1_18' title='bbox 230 734 519 803; x_wconf 74' lang='lat' dir='ltr'>gantur.-</span> <span class='ocrx_word' id='word_1_19' title='bbox 572 728 685 781; x_wconf 84' lang='lat' dir='ltr'>aut</span> <span class='ocrx_word' id='word_1_20' title='bbox 744 712 1107 779; x_wconf 82' lang='lat' dir='ltr'>imitatione</span> <span class='ocrx_word' id='word_1_21' title='bbox 1156 720 1322 807; x_wconf 39' lang='lat' dir='ltr'>(a).</span> <span class='ocrx_word' id='word_1_22' title='bbox 1368 708 1551 779; x_wconf 81' lang='lat' dir='ltr'>brevi</span> <span class='ocrx_word' id='word_1_23' title='bbox 1598 709 1835 788; x_wconf 60' lang='lat' dir='ltr'>injecta</span> <span class='ocrx_word' id='word_1_24' title='bbox 1875 761 1898 796; x_wconf 85' lang='lat'>‚</span> <span class='ocrx_word' id='word_1_25' title='bbox 1966 712 2039 781; x_wconf 86' lang='lat' dir='ltr'>in</span> <span class='ocrx_word' id='word_1_26' title='bbox 2089 714 2316 803; x_wconf 84' lang='lat' dir='ltr'>aliquo</span> <span class='ocrx_word' id='word_1_27' title='bbox 2363 719 2606 807; x_wconf 75' lang='lat' dir='ltr'>insigni</span> <span class='ocrx_word' id='word_1_28' title='bbox 2659 718 2744 787; x_wconf 83' lang='lat' dir='ltr'>ad</span> <span class='ocrx_word' id='word_1_29' title='bbox 2797 715 3222 787; x_wconf 82' lang='lat' dir='ltr'>irridendum</span> 
     </span>
     <span class='ocr_line' id='line_1_4' title="bbox 229 815 903 900; baseline -0.003 -19"><span class='ocrx_word' id='word_1_30' title='bbox 229 815 393 881; x_wconf 80' lang='lat' dir='ltr'>vitio</span> <span class='ocrx_word' id='word_1_31' title='bbox 446 815 903 900; x_wconf 83' lang='lat' dir='ltr'>reperiantur.</span> 
     </span>
    </p>

    <p class='ocr_par' dir='ltr' id='par_1_3' title="bbox 214 906 3232 1706">
     <span class='ocr_line' id='line_1_5' title="bbox 276 906 3232 1009; baseline 0.002 -28"><span class='ocrx_word' id='word_1_32' title='bbox 276 946 288 958; x_wconf 90' lang='lat'><strong>·</strong></span> <span class='ocrx_word' id='word_1_33' title='bbox 330 918 413 981; x_wconf 81' lang='lat' dir='ltr'>ln</span> <span class='ocrx_word' id='word_1_34' title='bbox 466 912 641 981; x_wconf 61' lang='lat' dir='ltr'>dicio</span> <span class='ocrx_word' id='word_1_35' title='bbox 692 932 917 983; x_wconf 87' lang='lat' dir='ltr'>autem</span> <span class='ocrx_word' id='word_1_36' title='bbox 967 910 1331 979; x_wconf 84' lang='lat' dir='ltr'>ridiculum</span> <span class='ocrx_word' id='word_1_37' title='bbox 1378 909 1473 977; x_wconf 83' lang='lat' dir='ltr'>est</span> <span class='ocrx_word' id='word_1_38' title='bbox 1524 912 1583 985; x_wconf 90' lang='lat' dir='ltr'>id</span> <span class='ocrx_word' id='word_1_39' title='bbox 1608 962 1630 996; x_wconf 88' lang='lat'>‚</span> <span class='ocrx_word' id='word_1_40' title='bbox 1681 914 1861 1003; x_wconf 81' lang='lat' dir='ltr'>quod</span> <span class='ocrx_word' id='word_1_41' title='bbox 1918 906 2139 998; x_wconf 85' lang='lat' dir='ltr'>verbi,</span> <span class='ocrx_word' id='word_1_42' title='bbox 2185 928 2302 981; x_wconf 77' lang='lat' dir='ltr'>aut</span> <span class='ocrx_word' id='word_1_43' title='bbox 2355 912 2678 1007; x_wconf 48' lang='lat' dir='ltr'>sententie</span> <span class='ocrx_word' id='word_1_44' title='bbox 2717 918 3014 1009; x_wconf 88' lang='lat' dir='ltr'>quodam</span> <span class='ocrx_word' id='word_1_45' title='bbox 3069 932 3232 981; x_wconf 72' lang='lat' dir='ltr'>acu·</span> 
     </span>
     <span class='ocr_line' id='line_1_6' title="bbox 234 1010 3226 1105; baseline 0.001 -25"><span class='ocrx_word' id='word_1_46' title='bbox 234 1014 417 1081; x_wconf 86' lang='lat' dir='ltr'>mine</span> <span class='ocrx_word' id='word_1_47' title='bbox 466 1032 827 1083; x_wconf 78' lang='lat' dir='ltr'>movetur:</span> <span class='ocrx_word' id='word_1_48' title='bbox 883 1011 991 1081; x_wconf 90' lang='lat' dir='ltr'>sed</span> <span class='ocrx_word' id='word_1_49' title='bbox 1043 1028 1121 1081; x_wconf 84' lang='lat' dir='ltr'>ut</span> <span class='ocrx_word' id='word_1_50' title='bbox 1172 1012 1239 1079; x_wconf 88' lang='lat' dir='ltr'>in</span> <span class='ocrx_word' id='word_1_51' title='bbox 1292 1010 1415 1079; x_wconf 82' lang='lat' dir='ltr'>illo</span> <span class='ocrx_word' id='word_1_52' title='bbox 1464 1012 1787 1098; x_wconf 76' lang='lat' dir='ltr'>superiore</span> <span class='ocrx_word' id='word_1_53' title='bbox 1854 1032 2093 1103; x_wconf 78' lang='lat' dir='ltr'>genere</span> <span class='ocrx_word' id='word_1_54' title='bbox 2144 1013 2253 1080; x_wconf 88' lang='lat' dir='ltr'>vel</span> <span class='ocrx_word' id='word_1_55' title='bbox 2305 1020 2708 1085; x_wconf 79' lang='lat' dir='ltr'>narrationis</span> <span class='ocrx_word' id='word_1_56' title='bbox 2745 1071 2766 1105; x_wconf 85' lang='lat'>‚</span> <span class='ocrx_word' id='word_1_57' title='bbox 2841 1021 2948 1087; x_wconf 84' lang='lat' dir='ltr'>vel</span> <span class='ocrx_word' id='word_1_58' title='bbox 3005 1017 3226 1085; x_wconf 86' lang='lat' dir='ltr'>imita-</span> 
     </span>
     <span class='ocr_line' id='line_1_7' title="bbox 231 1111 3226 1201; baseline 0.001 -20"><span class='ocrx_word' id='word_1_59' title='bbox 231 1117 423 1183; x_wconf 89' lang='lat' dir='ltr'>tionis</span> <span class='ocrx_word' id='word_1_60' title='bbox 474 1167 497 1199; x_wconf 90' lang='lat'>,</span> <span class='ocrx_word' id='word_1_61' title='bbox 564 1113 837 1183; x_wconf 80' lang='lat' dir='ltr'>vitanda</span> <span class='ocrx_word' id='word_1_62' title='bbox 884 1112 979 1181; x_wconf 87' lang='lat' dir='ltr'>est</span> <span class='ocrx_word' id='word_1_63' title='bbox 1028 1112 1393 1179; x_wconf 87' lang='lat' dir='ltr'>mimorum</span> <span class='ocrx_word' id='word_1_64' title='bbox 1440 1111 1913 1201; x_wconf 83' lang='lat' dir='ltr'>ethologorum</span> <span class='ocrx_word' id='word_1_65' title='bbox 1962 1111 2332 1181; x_wconf 89' lang='lat' dir='ltr'>fimilitudo</span> <span class='ocrx_word' id='word_1_66' title='bbox 2373 1141 2398 1201; x_wconf 81' lang='lat'>,-</span> <span class='ocrx_word' id='word_1_67' title='bbox 2472 1115 2558 1183; x_wconf 87' lang='lat' dir='ltr'>fic</span> <span class='ocrx_word' id='word_1_68' title='bbox 2613 1119 2683 1183; x_wconf 86' lang='lat' dir='ltr'>in</span> <span class='ocrx_word' id='word_1_69' title='bbox 2738 1118 2866 1186; x_wconf 87' lang='lat' dir='ltr'>hoc</span> <span class='ocrx_word' id='word_1_70' title='bbox 2937 1118 3226 1187; x_wconf 87' lang='lat' dir='ltr'>scurrilis</span> 
     </span>
     <span class='ocr_line' id='line_1_8' title="bbox 232 1212 3227 1304; baseline -0 -21"><span class='ocrx_word' id='word_1_71' title='bbox 232 1215 467 1284; x_wconf 83' lang='lat' dir='ltr'>oratori</span> <span class='ocrx_word' id='word_1_72' title='bbox 522 1213 835 1283; x_wconf 78' lang='lat' dir='ltr'>dicacitas</span> <span class='ocrx_word' id='word_1_73' title='bbox 886 1232 1297 1303; x_wconf 72' lang='lat' dir='ltr'>magnopere</span> <span class='ocrx_word' id='word_1_74' title='bbox 1342 1212 1658 1301; x_wconf 82' lang='lat' dir='ltr'>fugienda</span> <span class='ocrx_word' id='word_1_75' title='bbox 1712 1213 1839 1281; x_wconf 88' lang='lat' dir='ltr'>est.</span> <span class='ocrx_word' id='word_1_76' title='bbox 1894 1214 2033 1298; x_wconf 82' lang='lat' dir='ltr'>Qi</span> <span class='ocrx_word' id='word_1_77' title='bbox 2085 1214 2288 1302; x_wconf 81' lang='lat' dir='ltr'>igitur</span> <span class='ocrx_word' id='word_1_78' title='bbox 2339 1213 2815 1304; x_wconf 85' lang='lat' dir='ltr'>distinguemus</span> <span class='ocrx_word' id='word_1_79' title='bbox 2871 1237 2909 1281; x_wconf 90' lang='lat' dir='ltr'>a</span> <span class='ocrx_word' id='word_1_80' title='bbox 2961 1219 3227 1301; x_wconf 85' lang='lat' dir='ltr'>craffo,</span> 
     </span>
     <span class='ocr_line' id='line_1_9' title="bbox 232 1312 3228 1404; baseline -0.001 -21"><span class='ocrx_word' id='word_1_81' title='bbox 232 1338 271 1383; x_wconf 89' lang='lat' dir='ltr'>a</span> <span class='ocrx_word' id='word_1_82' title='bbox 318 1314 599 1403; x_wconf 75' lang='lat' dir='ltr'>catulo,</span> <span class='ocrx_word' id='word_1_83' title='bbox 652 1336 691 1387; x_wconf 82' lang='lat' dir='ltr'>a</span> <span class='ocrx_word' id='word_1_84' title='bbox 738 1316 987 1383; x_wconf 69' lang='lat' dir='ltr'>caeteris</span> <span class='ocrx_word' id='word_1_85' title='bbox 1032 1314 1445 1381; x_wconf 75' lang='lat' dir='ltr'>familiarem</span> <span class='ocrx_word' id='word_1_86' title='bbox 1492 1314 1589 1404; x_wconf 76' lang='lat' dir='ltr'>(b</span> <span class='ocrx_word' id='word_1_87' title='bbox 1610 1321 1643 1397; x_wconf 88' lang='lat'><strong><em>)</em></strong></span> <span class='ocrx_word' id='word_1_88' title='bbox 1694 1312 1987 1379; x_wconf 81' lang='lat' dir='ltr'>vestrum</span> <span class='ocrx_word' id='word_1_89' title='bbox 2026 1366 2048 1397; x_wconf 87' lang='lat'><strong>,</strong></span> <span class='ocrx_word' id='word_1_90' title='bbox 2118 1325 2144 1399; x_wconf 91' lang='lat'>(</span> <span class='ocrx_word' id='word_1_91' title='bbox 2182 1326 2326 1401; x_wconf 82' lang='lat'>79)</span> <span class='ocrx_word' id='word_1_92' title='bbox 2399 1318 2730 1385; x_wconf 85' lang='lat' dir='ltr'>Granium</span> <span class='ocrx_word' id='word_1_93' title='bbox 2769 1368 2792 1401; x_wconf 85' lang='lat'>‚</span> <span class='ocrx_word' id='word_1_94' title='bbox 2860 1334 2972 1383; x_wconf 86' lang='lat' dir='ltr'>aut</span> <span class='ocrx_word' id='word_1_95' title='bbox 3056 1320 3228 1381; x_wconf 85' lang='lat' dir='ltr'>Var-</span> 
     </span>
     <span class='ocr_line' id='line_1_10' title="bbox 231 1414 3218 1507; baseline -0.002 -24"><span class='ocrx_word' id='word_1_96' title='bbox 231 1418 509 1507; x_wconf 82' lang='lat' dir='ltr'>gulam,</span> <span class='ocrx_word' id='word_1_97' title='bbox 562 1417 855 1485; x_wconf 85' lang='lat' dir='ltr'>amicum</span> <span class='ocrx_word' id='word_1_98' title='bbox 906 1417 1200 1482; x_wconf 67' lang='lat' dir='ltr'>meum-²</span> <span class='ocrx_word' id='word_1_99' title='bbox 1264 1416 1429 1481; x_wconf 81' lang='lat' dir='ltr'>‘Non</span> <span class='ocrx_word' id='word_1_100' title='bbox 1482 1414 1861 1484; x_wconf 83' lang='lat' dir='ltr'>mehercule</span> <span class='ocrx_word' id='word_1_101' title='bbox 1908 1416 1979 1481; x_wconf 83' lang='lat' dir='ltr'>in</span> <span class='ocrx_word' id='word_1_102' title='bbox 2050 1431 2344 1481; x_wconf 79' lang='lat' dir='ltr'>mentem</span> <span class='ocrx_word' id='word_1_103' title='bbox 2396 1417 2564 1482; x_wconf 86' lang='lat' dir='ltr'>mihi</span> <span class='ocrx_word' id='word_1_104' title='bbox 2613 1416 2882 1507; x_wconf 88' lang='lat' dir='ltr'>quidem</span> <span class='ocrx_word' id='word_1_105' title='bbox 2955 1416 3142 1483; x_wconf 82' lang='lat' dir='ltr'>venit</span> <span class='ocrx_word' id='word_1_106' title='bbox 3195 1438 3218 1477; x_wconf 89' lang='lat'><em>:</em></span> 
     </span>
     <span class='ocr_line' id='line_1_11' title="bbox 232 1514 3228 1603; baseline -0.001 -18"><span class='ocrx_word' id='word_1_107' title='bbox 232 1517 381 1585; x_wconf 83' lang='lat' dir='ltr'>sunt</span> <span class='ocrx_word' id='word_1_108' title='bbox 429 1518 611 1583; x_wconf 84' lang='lat' dir='ltr'>enim</span> <span class='ocrx_word' id='word_1_109' title='bbox 664 1516 963 1583; x_wconf 79' lang='lat' dir='ltr'>dicaces:</span> <span class='ocrx_word' id='word_1_110' title='bbox 1014 1514 1269 1583; x_wconf 85' lang='lat' dir='ltr'>Granio</span> <span class='ocrx_word' id='word_1_111' title='bbox 1316 1515 1583 1603; x_wconf 82' lang='lat' dir='ltr'>quidem</span> <span class='ocrx_word' id='word_1_112' title='bbox 1632 1536 1835 1585; x_wconf 83' lang='lat' dir='ltr'>nemo</span> <span class='ocrx_word' id='word_1_113' title='bbox 1880 1514 2208 1583; x_wconf 80' lang='lat' dir='ltr'>dicacior.</span> <span class='ocrx_word' id='word_1_114' title='bbox 2269 1518 2462 1599; x_wconf 88' lang='lat' dir='ltr'>Hoc,</span> <span class='ocrx_word' id='word_1_115' title='bbox 2509 1518 2810 1603; x_wconf 85' lang='lat' dir='ltr'>opinior,</span> <span class='ocrx_word' id='word_1_116' title='bbox 2861 1518 3154 1602; x_wconf 84' lang='lat' dir='ltr'>primum</span> <span class='ocrx_word' id='word_1_117' title='bbox 3203 1568 3228 1601; x_wconf 89' lang='lat'>‚</span> 
     </span>
     <span class='ocr_line' id='line_1_12' title="bbox 214 1610 2826 1706; baseline -0.003 -20"><span class='ocrx_word' id='word_1_118' title='bbox 214 1636 358 1703; x_wconf 71' lang='lat' dir='ltr'>ne,</span> <span class='ocrx_word' id='word_1_119' title='bbox 408 1614 947 1706; x_wconf 84' lang='lat' dir='ltr'>quotiescumque</span> <span class='ocrx_word' id='word_1_120' title='bbox 1000 1614 1281 1705; x_wconf 80' lang='lat' dir='ltr'>potuerit</span> <span class='ocrx_word' id='word_1_121' title='bbox 1328 1616 1583 1685; x_wconf 71' lang='lat' dir='ltr'>distum</span> <span class='ocrx_word' id='word_1_122' title='bbox 1632 1618 1809 1701; x_wconf 89' lang='lat' dir='ltr'>dici,</span> <span class='ocrx_word' id='word_1_123' title='bbox 1868 1615 2116 1685; x_wconf 76' lang='lat' dir='ltr'>net-‚effe</span> <span class='ocrx_word' id='word_1_124' title='bbox 2164 1610 2526 1683; x_wconf 82' lang='lat' dir='ltr'>habeamus</span> <span class='ocrx_word' id='word_1_125' title='bbox 2576 1616 2826 1685; x_wconf 85' lang='lat' dir='ltr'>dicere.</span> 
     </span>
    </p>

    <p class='ocr_par' dir='ltr' id='par_1_4' title="bbox 232 1713 3228 2304">
     <span class='ocr_line' id='line_1_13' title="bbox 334 1713 3228 1807; baseline 0 -26"><span class='ocrx_word' id='word_1_126' title='bbox 334 1718 621 1785; x_wconf 72' lang='lat' dir='ltr'>Pusillus</span> <span class='ocrx_word' id='word_1_127' title='bbox 670 1716 848 1783; x_wconf 80' lang='lat' dir='ltr'>testis</span> <span class='ocrx_word' id='word_1_128' title='bbox 901 1716 1191 1805; x_wconf 84' lang='lat' dir='ltr'>proceffit</span> <span class='ocrx_word' id='word_1_129' title='bbox 1226 1768 1249 1790; x_wconf 90' lang='lat'>.</span> <span class='ocrx_word' id='word_1_130' title='bbox 1298 1720 1523 1801; x_wconf 78' lang='lat' dir='ltr'>Licet,</span> <span class='ocrx_word' id='word_1_131' title='bbox 1574 1718 1784 1807; x_wconf 85' lang='lat' dir='ltr'>inquit</span> <span class='ocrx_word' id='word_1_132' title='bbox 1822 1768 1845 1801; x_wconf 89' lang='lat'>,</span> <span class='ocrx_word' id='word_1_133' title='bbox 1900 1735 2120 1801; x_wconf 80' lang='lat' dir='ltr'>rogare</span> <span class='ocrx_word' id='word_1_134' title='bbox 2157 1765 2182 1801; x_wconf 88' lang='lat'>,</span> <span class='ocrx_word' id='word_1_135' title='bbox 2239 1714 2636 1804; x_wconf 76' lang='lat' dir='ltr'>Philippus?</span> <span class='ocrx_word' id='word_1_136' title='bbox 2689 1720 2878 1783; x_wconf 87' lang='lat' dir='ltr'>Tum</span> <span class='ocrx_word' id='word_1_137' title='bbox 2925 1713 3228 1803; x_wconf 71' lang='lat' dir='ltr'>quaesitor</span> 
     </span>
     <span class='ocr_line' id='line_1_14' title="bbox 232 1812 3224 1905; baseline 0 -22"><span class='ocrx_word' id='word_1_138' title='bbox 232 1838 589 1905; x_wconf 82' lang='lat' dir='ltr'>properans</span> <span class='ocrx_word' id='word_1_139' title='bbox 632 1871 650 1903; x_wconf 88' lang='lat'>,</span> <span class='ocrx_word' id='word_1_140' title='bbox 700 1821 882 1887; x_wconf 72' lang='lat' dir='ltr'>Modo</span> <span class='ocrx_word' id='word_1_141' title='bbox 934 1818 1221 1885; x_wconf 69' lang='lat' dir='ltr'>breviter</span> <span class='ocrx_word' id='word_1_142' title='bbox 1256 1862 1275 1881; x_wconf 94' lang='lat'>.</span> <span class='ocrx_word' id='word_1_143' title='bbox 1330 1818 1459 1884; x_wconf 88' lang='lat' dir='ltr'>Hic</span> <span class='ocrx_word' id='word_1_144' title='bbox 1510 1818 1623 1885; x_wconf 84' lang='lat' dir='ltr'>ille</span> <span class='ocrx_word' id='word_1_145' title='bbox 1658 1870 1683 1903; x_wconf 81' lang='lat'>‚</span> <span class='ocrx_word' id='word_1_146' title='bbox 1758 1818 1911 1883; x_wconf 82' lang='lat' dir='ltr'>Non</span> <span class='ocrx_word' id='word_1_147' title='bbox 1982 1812 2318 1901; x_wconf 76' lang='lat' dir='ltr'>accusabis</span> <span class='ocrx_word' id='word_1_148' title='bbox 2361 1842 2380 1902; x_wconf 83' lang='lat'><em>3</em></span> <span class='ocrx_word' id='word_1_149' title='bbox 2441 1816 2855 1905; x_wconf 76' lang='lat' dir='ltr'>perpusillum</span> <span class='ocrx_word' id='word_1_150' title='bbox 2929 1816 3153 1901; x_wconf 75' lang='lat' dir='ltr'>rogabo</span> <span class='ocrx_word' id='word_1_151' title='bbox 3203 1866 3224 1883; x_wconf 92' lang='lat'>.</span> 
     </span>
     <span class='ocr_line' id='line_1_15' title="bbox 236 1912 3228 2005; baseline 0 -22"><span class='ocrx_word' id='word_1_152' title='bbox 236 1916 585 1983; x_wconf 82' lang='lat' dir='ltr'>Ridicule.</span> <span class='ocrx_word' id='word_1_153' title='bbox 642 1916 765 1982; x_wconf 90' lang='lat' dir='ltr'>Sed</span> <span class='ocrx_word' id='word_1_154' title='bbox 814 1915 1069 1983; x_wconf 79' lang='lat' dir='ltr'>sedebat</span> <span class='ocrx_word' id='word_1_155' title='bbox 1123 1913 1323 1995; x_wconf 68' lang='lat' dir='ltr'>iudex</span> <span class='ocrx_word' id='word_1_156' title='bbox 1378 1922 1453 1983; x_wconf 88' lang='lat' dir='ltr'>L.</span> <span class='ocrx_word' id='word_1_157' title='bbox 1511 1919 1799 1984; x_wconf 84' lang='lat' dir='ltr'>Aurifex</span> <span class='ocrx_word' id='word_1_158' title='bbox 1838 1968 1861 2001; x_wconf 88' lang='lat'>‚</span> <span class='ocrx_word' id='word_1_159' title='bbox 1910 1916 2167 1983; x_wconf 86' lang='lat' dir='ltr'>brevior</span> <span class='ocrx_word' id='word_1_160' title='bbox 2215 1920 2419 1984; x_wconf 86' lang='lat' dir='ltr'>etiam</span> <span class='ocrx_word' id='word_1_161' title='bbox 2467 1972 2489 2003; x_wconf 86' lang='lat'>‚</span> <span class='ocrx_word' id='word_1_162' title='bbox 2543 1938 2746 2005; x_wconf 89' lang='lat' dir='ltr'>quam</span> <span class='ocrx_word' id='word_1_163' title='bbox 2801 1914 2932 2003; x_wconf 88' lang='lat' dir='ltr'>ipse</span> <span class='ocrx_word' id='word_1_164' title='bbox 2981 1912 3159 1984; x_wconf 87' lang='lat' dir='ltr'>testis</span> <span class='ocrx_word' id='word_1_165' title='bbox 3206 1942 3228 1983; x_wconf 69' lang='lat' dir='ltr'><em>z</em></span> 
     </span>
     <span class='ocr_line' id='line_1_16' title="bbox 236 2014 3228 2096; baseline 0 -15"><span class='ocrx_word' id='word_1_166' title='bbox 236 2018 457 2085; x_wconf 85' lang='lat' dir='ltr'>omnis</span> <span class='ocrx_word' id='word_1_167' title='bbox 506 2015 597 2083; x_wconf 84' lang='lat' dir='ltr'>est</span> <span class='ocrx_word' id='word_1_168' title='bbox 648 2015 813 2083; x_wconf 84' lang='lat' dir='ltr'>risus</span> <span class='ocrx_word' id='word_1_169' title='bbox 864 2018 931 2083; x_wconf 90' lang='lat' dir='ltr'>in</span> <span class='ocrx_word' id='word_1_170' title='bbox 990 2014 1279 2096; x_wconf 78' lang='lat' dir='ltr'>iudicem</span> <span class='ocrx_word' id='word_1_171' title='bbox 1330 2018 1687 2085; x_wconf 80' lang='lat' dir='ltr'>conversus</span> <span class='ocrx_word' id='word_1_172' title='bbox 1724 2042 1743 2081; x_wconf 71' lang='grc' dir='ltr'><strong>ε</strong></span> <span class='ocrx_word' id='word_1_173' title='bbox 1830 2016 2047 2085; x_wconf 87' lang='lat' dir='ltr'>visum</span> <span class='ocrx_word' id='word_1_174' title='bbox 2094 2015 2188 2082; x_wconf 87' lang='lat' dir='ltr'>est</span> <span class='ocrx_word' id='word_1_175' title='bbox 2238 2033 2454 2083; x_wconf 88' lang='lat' dir='ltr'>totum</span> <span class='ocrx_word' id='word_1_176' title='bbox 2508 2016 2780 2087; x_wconf 88' lang='lat' dir='ltr'>scurrile</span> <span class='ocrx_word' id='word_1_177' title='bbox 2831 2016 3150 2093; x_wconf 82' lang='lat' dir='ltr'>judicium</span> <span class='ocrx_word' id='word_1_178' title='bbox 3207 2064 3228 2083; x_wconf 88' lang='lat'>.</span> 
     </span>
     <span class='ocr_line' id='line_1_17' title="bbox 237 2116 3226 2207; baseline 0.001 -28"><span class='ocrx_word' id='word_1_179' title='bbox 237 2118 419 2203; x_wconf 75' lang='lat' dir='ltr'>Ergo</span> <span class='ocrx_word' id='word_1_180' title='bbox 468 2118 605 2183; x_wconf 79' lang='lat' dir='ltr'>haec</span> <span class='ocrx_word' id='word_1_181' title='bbox 646 2168 669 2201; x_wconf 90' lang='lat'>,</span> <span class='ocrx_word' id='word_1_182' title='bbox 719 2138 863 2207; x_wconf 66' lang='lat' dir='ltr'>qun</span> <span class='ocrx_word' id='word_1_183' title='bbox 913 2117 1149 2185; x_wconf 85' lang='lat' dir='ltr'>cadere</span> <span class='ocrx_word' id='word_1_184' title='bbox 1200 2116 1449 2204; x_wconf 65' lang='lat' dir='ltr'>poliunt</span> <span class='ocrx_word' id='word_1_185' title='bbox 1504 2119 1579 2185; x_wconf 90' lang='lat' dir='ltr'>in</span> <span class='ocrx_word' id='word_1_186' title='bbox 1630 2138 1795 2207; x_wconf 91' lang='lat' dir='ltr'>quos</span> <span class='ocrx_word' id='word_1_187' title='bbox 1844 2118 2065 2199; x_wconf 88' lang='lat' dir='ltr'>nolis,</span> <span class='ocrx_word' id='word_1_188' title='bbox 2109 2116 2421 2203; x_wconf 82' lang='lat' dir='ltr'>quamvis</span> <span class='ocrx_word' id='word_1_189' title='bbox 2479 2116 2605 2185; x_wconf 82' lang='lat' dir='ltr'>lint</span> <span class='ocrx_word' id='word_1_190' title='bbox 2653 2117 2872 2201; x_wconf 82' lang='lat' dir='ltr'>bella,</span> <span class='ocrx_word' id='word_1_191' title='bbox 2927 2116 3076 2183; x_wconf 90' lang='lat' dir='ltr'>sunt</span> <span class='ocrx_word' id='word_1_192' title='bbox 3129 2135 3226 2183; x_wconf 87' lang='lat' dir='ltr'>ta-</span> 
     </span>
     <span class='ocr_line' id='line_1_18' title="bbox 233 2214 1275 2304; baseline 0 -21"><span class='ocrx_word' id='word_1_193' title='bbox 233 2234 394 2283; x_wconf 83' lang='lat' dir='ltr'>men</span> <span class='ocrx_word' id='word_1_194' title='bbox 444 2214 581 2301; x_wconf 83' lang='lat' dir='ltr'>ipso</span> <span class='ocrx_word' id='word_1_195' title='bbox 629 2236 875 2304; x_wconf 84' lang='lat' dir='ltr'>genere</span> <span class='ocrx_word' id='word_1_196' title='bbox 929 2218 1275 2293; x_wconf 66' lang='lat' dir='ltr'>lours-ilia.</span> 
     </span>
    </p>

    <p class='ocr_par' dir='ltr' id='par_1_5' title="bbox 228 2314 3233 2988">
     <span class='ocr_line' id='line_1_19' title="bbox 340 2314 3226 2406; baseline 0.002 -27"><span class='ocrx_word' id='word_1_197' title='bbox 340 2316 437 2379; x_wconf 90' lang='lat' dir='ltr'>Ut</span> <span class='ocrx_word' id='word_1_198' title='bbox 486 2314 644 2400; x_wconf 83' lang='lat' dir='ltr'>iste,</span> <span class='ocrx_word' id='word_1_199' title='bbox 694 2319 807 2405; x_wconf 89' lang='lat' dir='ltr'>qui</span> <span class='ocrx_word' id='word_1_200' title='bbox 864 2314 929 2383; x_wconf 89' lang='lat' dir='ltr'>se</span> <span class='ocrx_word' id='word_1_201' title='bbox 984 2319 1129 2384; x_wconf 86' lang='lat' dir='ltr'>vult</span> <span class='ocrx_word' id='word_1_202' title='bbox 1178 2316 1473 2384; x_wconf 83' lang='lat' dir='ltr'>dicacem</span> <span class='ocrx_word' id='word_1_203' title='bbox 1502 2370 1525 2403; x_wconf 90' lang='lat'>,</span> <span class='ocrx_word' id='word_1_204' title='bbox 1606 2320 1677 2389; x_wconf 79' lang='grc' dir='ltr'>δε</span> <span class='ocrx_word' id='word_1_205' title='bbox 1736 2314 2115 2387; x_wconf 83' lang='lat' dir='ltr'>mehercule</span> <span class='ocrx_word' id='word_1_206' title='bbox 2162 2314 2262 2383; x_wconf 87' lang='lat' dir='ltr'>est</span> <span class='ocrx_word' id='word_1_207' title='bbox 2298 2370 2321 2403; x_wconf 89' lang='lat'>,</span> <span class='ocrx_word' id='word_1_208' title='bbox 2371 2316 2626 2406; x_wconf 83' lang='lat' dir='ltr'>Appius</span> <span class='ocrx_word' id='word_1_209' title='bbox 2669 2372 2690 2405; x_wconf 88' lang='lat'>‚</span> <span class='ocrx_word' id='word_1_210' title='bbox 2761 2316 2866 2385; x_wconf 87' lang='lat' dir='ltr'>sed</span> <span class='ocrx_word' id='word_1_211' title='bbox 2915 2336 3226 2387; x_wconf 83' lang='lat' dir='ltr'>nonnun-</span> 
     </span>
     <span class='ocr_line' id='line_1_20' title="bbox 232 2415 3228 2507; baseline 0.001 -24"><span class='ocrx_word' id='word_1_212' title='bbox 232 2434 441 2505; x_wconf 84' lang='lat' dir='ltr'>quam</span> <span class='ocrx_word' id='word_1_213' title='bbox 488 2417 553 2480; x_wconf 88' lang='lat' dir='ltr'>in</span> <span class='ocrx_word' id='word_1_214' title='bbox 603 2415 731 2483; x_wconf 85' lang='lat' dir='ltr'>hoc</span> <span class='ocrx_word' id='word_1_215' title='bbox 794 2417 1031 2485; x_wconf 82' lang='lat' dir='ltr'>vitium</span> <span class='ocrx_word' id='word_1_216' title='bbox 1086 2416 1357 2488; x_wconf 83' lang='lat' dir='ltr'>scurrile</span> <span class='ocrx_word' id='word_1_217' title='bbox 1406 2416 1767 2487; x_wconf 86' lang='lat' dir='ltr'>delabitur.</span> <span class='ocrx_word' id='word_1_218' title='bbox 1824 2417 2133 2501; x_wconf 69' lang='lat' dir='ltr'>conabo,</span> <span class='ocrx_word' id='word_1_219' title='bbox 2185 2418 2400 2507; x_wconf 86' lang='lat' dir='ltr'>inquit</span> <span class='ocrx_word' id='word_1_220' title='bbox 2445 2471 2466 2503; x_wconf 89' lang='lat'>‚</span> <span class='ocrx_word' id='word_1_221' title='bbox 2513 2420 2684 2505; x_wconf 78' lang='lat' dir='ltr'>apud</span> <span class='ocrx_word' id='word_1_222' title='bbox 2736 2437 2796 2485; x_wconf 81' lang='lat' dir='ltr'>te</span> <span class='ocrx_word' id='word_1_223' title='bbox 2837 2470 2858 2503; x_wconf 89' lang='lat'>‚</span> <span class='ocrx_word' id='word_1_224' title='bbox 2911 2420 3072 2487; x_wconf 88' lang='lat' dir='ltr'>huic</span> <span class='ocrx_word' id='word_1_225' title='bbox 3121 2421 3228 2485; x_wconf 86' lang='lat' dir='ltr'>lu-</span> 
     </span>
     <span class='ocr_line' id='line_1_21' title="bbox 233 2514 3230 2605; baseline 0.002 -22"><span class='ocrx_word' id='word_1_226' title='bbox 233 2514 385 2601; x_wconf 85' lang='lat' dir='ltr'>sco,</span> <span class='ocrx_word' id='word_1_227' title='bbox 440 2516 751 2585; x_wconf 71' lang='lat' dir='ltr'>familiari</span> <span class='ocrx_word' id='word_1_228' title='bbox 806 2538 1001 2601; x_wconf 82' lang='lat' dir='ltr'>meo,</span> <span class='ocrx_word' id='word_1_229' title='bbox 1050 2522 1127 2585; x_wconf 92' lang='lat' dir='ltr'>C.</span> <span class='ocrx_word' id='word_1_230' title='bbox 1184 2517 1443 2585; x_wconf 78' lang='lat' dir='ltr'>Sextio,</span> <span class='ocrx_word' id='word_1_231' title='bbox 1490 2529 1521 2605; x_wconf 88' lang='lat'><strong>(</strong></span> <span class='ocrx_word' id='word_1_232' title='bbox 1552 2523 1641 2584; x_wconf 86' lang='lat'>80</span> <span class='ocrx_word' id='word_1_233' title='bbox 1668 2529 1697 2601; x_wconf 78' lang='lat' dir='ltr'>J</span> <span class='ocrx_word' id='word_1_234' title='bbox 1774 2526 1896 2585; x_wconf 79' lang='lat' dir='ltr'>Uni</span> <span class='ocrx_word' id='word_1_235' title='bbox 1950 2525 2123 2583; x_wconf 78' lang='lat' dir='ltr'>enim</span> <span class='ocrx_word' id='word_1_236' title='bbox 2174 2517 2388 2585; x_wconf 80' lang='lat' dir='ltr'>locum</span> <span class='ocrx_word' id='word_1_237' title='bbox 2459 2516 2574 2603; x_wconf 74' lang='lat' dir='ltr'>effe</span> <span class='ocrx_word' id='word_1_238' title='bbox 2633 2522 2816 2585; x_wconf 76' lang='lat' dir='ltr'>video</span> <span class='ocrx_word' id='word_1_239' title='bbox 2851 2564 2870 2582; x_wconf 89' lang='lat'>.</span> <span class='ocrx_word' id='word_1_240' title='bbox 2945 2518 3056 2585; x_wconf 85' lang='lat' dir='ltr'>Est</span> <span class='ocrx_word' id='word_1_241' title='bbox 3104 2520 3230 2589; x_wconf 88' lang='lat' dir='ltr'>hoc</span> 
     </span>
     <span class='ocr_line' id='line_1_22' title="bbox 233 2616 3233 2707; baseline 0.001 -22"><span class='ocrx_word' id='word_1_242' title='bbox 233 2616 509 2685; x_wconf 85' lang='lat' dir='ltr'>scurrile</span> <span class='ocrx_word' id='word_1_243' title='bbox 549 2670 572 2702; x_wconf 90' lang='lat'>,</span> <span class='ocrx_word' id='word_1_244' title='bbox 626 2619 697 2686; x_wconf 73' lang='grc' dir='ltr'>ὅ(</span> <span class='ocrx_word' id='word_1_245' title='bbox 756 2620 929 2707; x_wconf 89' lang='lat' dir='ltr'>quod</span> <span class='ocrx_word' id='word_1_246' title='bbox 986 2620 1124 2687; x_wconf 77' lang='lat' dir='ltr'>sane</span> <span class='ocrx_word' id='word_1_247' title='bbox 1170 2617 1369 2687; x_wconf 84' lang='lat' dir='ltr'>causa</span> <span class='ocrx_word' id='word_1_248' title='bbox 1421 2619 1773 2687; x_wconf 84' lang='lat' dir='ltr'>laceffivit:</span> <span class='ocrx_word' id='word_1_249' title='bbox 1824 2622 1897 2687; x_wconf 75' lang='grc' dir='ltr'>δε</span> <span class='ocrx_word' id='word_1_250' title='bbox 1958 2634 2186 2686; x_wconf 87' lang='lat' dir='ltr'>tamen</span> <span class='ocrx_word' id='word_1_251' title='bbox 2239 2619 2309 2685; x_wconf 91' lang='lat' dir='ltr'>id</span> <span class='ocrx_word' id='word_1_252' title='bbox 2361 2616 2529 2685; x_wconf 82' lang='lat' dir='ltr'>dixit</span> <span class='ocrx_word' id='word_1_253' title='bbox 2572 2670 2596 2704; x_wconf 91' lang='lat'>‚</span> <span class='ocrx_word' id='word_1_254' title='bbox 2650 2618 2820 2707; x_wconf 87' lang='lat' dir='ltr'>quod</span> <span class='ocrx_word' id='word_1_255' title='bbox 2875 2619 2942 2683; x_wconf 87' lang='lat' dir='ltr'>in</span> <span class='ocrx_word' id='word_1_256' title='bbox 2996 2641 3233 2688; x_wconf 77' lang='lat' dir='ltr'>omnes</span> 
     </span>
     <span class='ocr_line' id='line_1_23' title="bbox 230 2717 3230 2807; baseline -0.001 -20"><span class='ocrx_word' id='word_1_257' title='bbox 230 2717 450 2789; x_wconf 85' lang='lat' dir='ltr'>luscos</span> <span class='ocrx_word' id='word_1_258' title='bbox 496 2718 888 2785; x_wconf 84' lang='lat' dir='ltr'>conveniret</span> <span class='ocrx_word' id='word_1_259' title='bbox 1019 2722 1113 2785; x_wconf 85' lang='lat' dir='ltr'>Ea</span> <span class='ocrx_word' id='word_1_260' title='bbox 1150 2770 1171 2805; x_wconf 86' lang='lat'>,</span> <span class='ocrx_word' id='word_1_261' title='bbox 1243 2720 1397 2807; x_wconf 85' lang='lat' dir='ltr'>quia</span> <span class='ocrx_word' id='word_1_262' title='bbox 1449 2720 1763 2785; x_wconf 85' lang='lat' dir='ltr'>meditata</span> <span class='ocrx_word' id='word_1_263' title='bbox 1812 2734 2129 2807; x_wconf 87' lang='lat' dir='ltr'>putantur</span> <span class='ocrx_word' id='word_1_264' title='bbox 2184 2718 2310 2785; x_wconf 81' lang='lat' dir='ltr'>effe</span> <span class='ocrx_word' id='word_1_265' title='bbox 2347 2770 2366 2803; x_wconf 91' lang='lat'>,</span> <span class='ocrx_word' id='word_1_266' title='bbox 2441 2720 2664 2785; x_wconf 85' lang='lat' dir='ltr'>minus</span> <span class='ocrx_word' id='word_1_267' title='bbox 2713 2720 3009 2787; x_wconf 87' lang='lat' dir='ltr'>ridentur</span> <span class='ocrx_word' id='word_1_268' title='bbox 3061 2768 3076 2785; x_wconf 93' lang='lat'>.</span> <span class='ocrx_word' id='word_1_269' title='bbox 3131 2720 3230 2787; x_wconf 89' lang='lat' dir='ltr'>Il-</span> 
     </span>
     <span class='ocr_line' id='line_1_24' title="bbox 230 2818 3227 2912; baseline -0.002 -25"><span class='ocrx_word' id='word_1_270' title='bbox 230 2819 742 2907; x_wconf 62' lang='lat' dir='ltr'>ludzegregium</span> <span class='ocrx_word' id='word_1_271' title='bbox 810 2820 1073 2906; x_wconf 84' lang='lat' dir='ltr'>Sextii,</span> <span class='ocrx_word' id='word_1_272' title='bbox 1149 2822 1217 2889; x_wconf 85' lang='lat'>&amp;</span> <span class='ocrx_word' id='word_1_273' title='bbox 1276 2840 1361 2886; x_wconf 79' lang='lat' dir='ltr'>ex</span> <span class='ocrx_word' id='word_1_274' title='bbox 1416 2834 1705 2907; x_wconf 85' lang='lat' dir='ltr'>tempore</span> <span class='ocrx_word' id='word_1_275' title='bbox 1740 2842 1763 2881; x_wconf 93' lang='grc'>.·</span> <span class='ocrx_word' id='word_1_276' title='bbox 1836 2822 1998 2911; x_wconf 82' lang='lat'>(81</span> <span class='ocrx_word' id='word_1_277' title='bbox 2058 2828 2083 2907; x_wconf 94' lang='lat'><strong>)</strong></span> <span class='ocrx_word' id='word_1_278' title='bbox 2158 2820 2394 2884; x_wconf 80' lang='lat' dir='ltr'>Manus</span> <span class='ocrx_word' id='word_1_279' title='bbox 2467 2820 2624 2886; x_wconf 76' lang='lat' dir='ltr'>lava</span> <span class='ocrx_word' id='word_1_280' title='bbox 2664 2872 2684 2906; x_wconf 85' lang='lat'>‚</span> <span class='ocrx_word' id='word_1_281' title='bbox 2753 2818 2974 2912; x_wconf 68' lang='lat' dir='ltr'>inquit</span> <span class='ocrx_word' id='word_1_282' title='bbox 3027 2873 3052 2907; x_wconf 75' lang='lat'>,</span> <span class='ocrx_word' id='word_1_283' title='bbox 3139 2824 3227 2895; x_wconf 70' lang='lat' dir='ltr'>ds·</span> 
     </span>
     <span class='ocr_line' id='line_1_25' title="bbox 228 2943 449 2988; baseline -0.009 -1"><span class='ocrx_word' id='word_1_284' title='bbox 228 2943 449 2988; x_wconf 78' lang='lat' dir='ltr'>coena.</span> 
     </span>
    </p>

    <p class='ocr_par' dir='ltr' id='par_1_6' title="bbox 226 3010 3236 3511">
     <span class='ocr_line' id='line_1_26' title="bbox 328 3010 3227 3112; baseline 0.001 -23"><span class='ocrx_word' id='word_1_285' title='bbox 328 3022 675 3109; x_wconf 83' lang='lat' dir='ltr'>Temporis</span> <span class='ocrx_word' id='word_1_286' title='bbox 730 3022 929 3109; x_wconf 82' lang='lat' dir='ltr'>igitur</span> <span class='ocrx_word' id='word_1_287' title='bbox 980 3020 1149 3088; x_wconf 87' lang='lat' dir='ltr'>ratio</span> <span class='ocrx_word' id='word_1_288' title='bbox 1186 3072 1207 3105; x_wconf 87' lang='lat'>,</span> <span class='ocrx_word' id='word_1_289' title='bbox 1258 3024 1327 3092; x_wconf 78' lang='grc' dir='ltr'>δε</span> <span class='ocrx_word' id='word_1_290' title='bbox 1384 3020 1579 3109; x_wconf 82' lang='lat' dir='ltr'>ipfius</span> <span class='ocrx_word' id='word_1_291' title='bbox 1630 3020 1983 3087; x_wconf 85' lang='lat' dir='ltr'>dicacitatis</span> <span class='ocrx_word' id='word_1_292' title='bbox 2034 3018 2398 3087; x_wconf 86' lang='lat' dir='ltr'>moderatio</span> <span class='ocrx_word' id='word_1_293' title='bbox 2423 3010 2552 3104; x_wconf 46' lang='lat' dir='ltr'>J&amp;</span> <span class='ocrx_word' id='word_1_294' title='bbox 2611 3026 3095 3112; x_wconf 78' lang='lat' dir='ltr'>temperantia,</span> <span class='ocrx_word' id='word_1_295' title='bbox 3147 3024 3227 3092; x_wconf 77' lang='grc' dir='ltr'>δε</span> 
     </span>
     <span class='ocr_line' id='line_1_27' title="bbox 226 3118 3230 3209; baseline -0.001 -15"><span class='ocrx_word' id='word_1_296' title='bbox 226 3124 461 3194; x_wconf 85' lang='lat' dir='ltr'>raritas</span> <span class='ocrx_word' id='word_1_297' title='bbox 510 3120 839 3188; x_wconf 62' lang='lat' dir='ltr'>ditiorum</span> <span class='ocrx_word' id='word_1_298' title='bbox 904 3120 1255 3206; x_wconf 86' lang='lat' dir='ltr'>distinguet</span> <span class='ocrx_word' id='word_1_299' title='bbox 1326 3140 1655 3188; x_wconf 87' lang='lat' dir='ltr'>oratorem</span> <span class='ocrx_word' id='word_1_300' title='bbox 1706 3141 1744 3186; x_wconf 90' lang='lat' dir='ltr'>a</span> <span class='ocrx_word' id='word_1_301' title='bbox 1798 3121 2017 3190; x_wconf 90' lang='lat' dir='ltr'>scurra</span> <span class='ocrx_word' id='word_1_302' title='bbox 2063 3144 2081 3184; x_wconf 73' lang='grc' dir='ltr'>ε</span> <span class='ocrx_word' id='word_1_303' title='bbox 2158 3122 2230 3190; x_wconf 85' lang='lat'>&amp;</span> <span class='ocrx_word' id='word_1_304' title='bbox 2273 3173 2292 3205; x_wconf 88' lang='lat'>‚</span> <span class='ocrx_word' id='word_1_305' title='bbox 2361 3118 2546 3209; x_wconf 88' lang='lat' dir='ltr'>quod</span> <span class='ocrx_word' id='word_1_306' title='bbox 2613 3142 2734 3190; x_wconf 89' lang='lat' dir='ltr'>nos</span> <span class='ocrx_word' id='word_1_307' title='bbox 2805 3148 2966 3198; x_wconf 87' lang='lat' dir='ltr'>cum</span> <span class='ocrx_word' id='word_1_308' title='bbox 3019 3122 3230 3195; x_wconf 74' lang='lat' dir='ltr'>causa</span> 
     </span>
     <span class='ocr_line' id='line_1_28' title="bbox 227 3217 3230 3312; baseline -0.001 -19"><span class='ocrx_word' id='word_1_309' title='bbox 227 3225 517 3292; x_wconf 84' lang='lat' dir='ltr'>dicimus</span> <span class='ocrx_word' id='word_1_310' title='bbox 554 3269 577 3300; x_wconf 89' lang='lat'>‚</span> <span class='ocrx_word' id='word_1_311' title='bbox 626 3239 763 3284; x_wconf 87' lang='lat' dir='ltr'>non</span> <span class='ocrx_word' id='word_1_312' title='bbox 812 3237 885 3282; x_wconf 92' lang='lat' dir='ltr'>ut</span> <span class='ocrx_word' id='word_1_313' title='bbox 936 3221 1199 3284; x_wconf 88' lang='lat' dir='ltr'>ridiculi</span> <span class='ocrx_word' id='word_1_314' title='bbox 1258 3221 1598 3285; x_wconf 88' lang='lat' dir='ltr'>videamur</span> <span class='ocrx_word' id='word_1_315' title='bbox 1638 3273 1659 3304; x_wconf 83' lang='lat'>,</span> <span class='ocrx_word' id='word_1_316' title='bbox 1732 3220 1839 3288; x_wconf 88' lang='lat' dir='ltr'>sed</span> <span class='ocrx_word' id='word_1_317' title='bbox 1892 3236 1965 3287; x_wconf 87' lang='lat' dir='ltr'>ut</span> <span class='ocrx_word' id='word_1_318' title='bbox 2020 3217 2440 3306; x_wconf 82' lang='lat' dir='ltr'>proficiamus</span> <span class='ocrx_word' id='word_1_319' title='bbox 2489 3221 2746 3309; x_wconf 87' lang='lat' dir='ltr'>aliquid</span> <span class='ocrx_word' id='word_1_320' title='bbox 2787 3254 2810 3312; x_wconf 59' lang='grc' dir='ltr'>ς</span> <span class='ocrx_word' id='word_1_321' title='bbox 2859 3231 2960 3294; x_wconf 90' lang='lat' dir='ltr'>illi</span> <span class='ocrx_word' id='word_1_322' title='bbox 3011 3243 3230 3294; x_wconf 85' lang='lat' dir='ltr'>totum</span> 
     </span>
     <span class='ocr_line' id='line_1_29' title="bbox 230 3315 3233 3406; baseline -0 -20"><span class='ocrx_word' id='word_1_323' title='bbox 230 3327 415 3390; x_wconf 78' lang='lat' dir='ltr'>diem</span> <span class='ocrx_word' id='word_1_324' title='bbox 456 3369 477 3402; x_wconf 89' lang='lat'>,</span> <span class='ocrx_word' id='word_1_325' title='bbox 527 3320 598 3385; x_wconf 78' lang='grc' dir='ltr'>δι</span> <span class='ocrx_word' id='word_1_326' title='bbox 655 3317 788 3382; x_wconf 87' lang='lat' dir='ltr'>fine</span> <span class='ocrx_word' id='word_1_327' title='bbox 836 3317 1071 3383; x_wconf 86' lang='lat' dir='ltr'>causa.</span> <span class='ocrx_word' id='word_1_328' title='bbox 1124 3315 1303 3402; x_wconf 78' lang='lat' dir='ltr'>Qid</span> <span class='ocrx_word' id='word_1_329' title='bbox 1352 3318 1533 3384; x_wconf 86' lang='lat' dir='ltr'>enim</span> <span class='ocrx_word' id='word_1_330' title='bbox 1604 3317 1699 3384; x_wconf 84' lang='lat' dir='ltr'>est</span> <span class='ocrx_word' id='word_1_331' title='bbox 1750 3319 2056 3406; x_wconf 85' lang='lat' dir='ltr'>Vargula</span> <span class='ocrx_word' id='word_1_332' title='bbox 2104 3319 2426 3384; x_wconf 84' lang='lat' dir='ltr'>affecutus</span> <span class='ocrx_word' id='word_1_333' title='bbox 2465 3367 2487 3402; x_wconf 85' lang='lat'><strong>,</strong></span> <span class='ocrx_word' id='word_1_334' title='bbox 2553 3341 2712 3387; x_wconf 90' lang='lat' dir='ltr'>cum</span> <span class='ocrx_word' id='word_1_335' title='bbox 2783 3345 2942 3392; x_wconf 83' lang='lat' dir='ltr'>eum</span> <span class='ocrx_word' id='word_1_336' title='bbox 3008 3315 3233 3392; x_wconf 82' lang='lat' dir='ltr'>candi-</span> 
     </span>
     <span class='ocr_line' id='line_1_30' title="bbox 233 3415 3236 3511; baseline -0.002 -23"><span class='ocrx_word' id='word_1_337' title='bbox 233 3424 429 3488; x_wconf 83' lang='lat' dir='ltr'>datus</span> <span class='ocrx_word' id='word_1_338' title='bbox 500 3423 583 3482; x_wconf 81' lang='lat' dir='ltr'>A.</span> <span class='ocrx_word' id='word_1_339' title='bbox 658 3419 1084 3504; x_wconf 83' lang='lat' dir='ltr'>Sempronius</span> <span class='ocrx_word' id='word_1_340' title='bbox 1136 3437 1295 3484; x_wconf 85' lang='lat' dir='ltr'>cum</span> <span class='ocrx_word' id='word_1_341' title='bbox 1346 3418 1579 3483; x_wconf 85' lang='lat' dir='ltr'>Marco</span> <span class='ocrx_word' id='word_1_342' title='bbox 1634 3415 1753 3484; x_wconf 86' lang='lat' dir='ltr'>suo</span> <span class='ocrx_word' id='word_1_343' title='bbox 1811 3417 2017 3482; x_wconf 86' lang='lat' dir='ltr'>fratre</span> <span class='ocrx_word' id='word_1_344' title='bbox 2068 3418 2466 3500; x_wconf 80' lang='lat' dir='ltr'>complexus</span> <span class='ocrx_word' id='word_1_345' title='bbox 2514 3417 2725 3505; x_wconf 78' lang='lat' dir='ltr'>eiset;</span> <span class='ocrx_word' id='word_1_346' title='bbox 2779 3433 2806 3511; x_wconf 86' lang='lat'>(</span> <span class='ocrx_word' id='word_1_347' title='bbox 2851 3427 2935 3490; x_wconf 72' lang='lat'>82</span> <span class='ocrx_word' id='word_1_348' title='bbox 2981 3433 3010 3510; x_wconf 88' lang='lat'>)</span> <span class='ocrx_word' id='word_1_349' title='bbox 3069 3421 3236 3488; x_wconf 76' lang='lat' dir='ltr'>Puer</span> 
     </span>
    </p>

    <p class='ocr_par' dir='ltr' id='par_1_7' title="bbox 442 3515 3128 3588">
     <span class='ocr_line' id='line_1_31' title="bbox 442 3515 3128 3588; baseline 0.002 -8"><span class='ocrx_word' id='word_1_350' title='bbox 442 3523 611 3584; x_wconf 73' lang='lat' dir='ltr'>Tem.</span> <span class='ocrx_word' id='word_1_351' title='bbox 664 3523 718 3583; x_wconf 89' lang='lat' dir='ltr'>I.</span> <span class='ocrx_word' id='word_1_352' title='bbox 2263 3515 2380 3582; x_wconf 82' lang='lat' dir='ltr'>Cc</span> <span class='ocrx_word' id='word_1_353' title='bbox 2983 3522 3128 3588; x_wconf 77' lang='lat' dir='ltr'>abr·-</span> 
     </span>
    </p>
   </div>
   <div class='ocr_carea' id='block_1_3' title="bbox 232 3727 3235 3780">
    <p class='ocr_par' dir='ltr' id='par_1_8' title="bbox 232 3727 3235 3780">
     <span class='ocr_line' id='line_1_32' title="bbox 232 3727 3235 3780; baseline -0.004 -5"><span class='ocrx_word' id='word_1_354' title='bbox 232 3727 3235 3780; x_wconf 55' lang='lat' dir='ltr'><em>w</em></span> 
     </span>
    </p>
   </div>
   <div class='ocr_carea' id='block_1_4' title="bbox 1192 3803 1225 3826">
    <p class='ocr_par' dir='ltr' id='par_1_9' title="bbox 1192 3803 1225 3826">
     <span class='ocr_line' id='line_1_33' title="bbox 1192 3803 1225 3826; baseline 0 0"><span class='ocrx_word' id='word_1_355' title='bbox 1192 3803 1225 3826; x_wconf 53' lang='lat' dir='ltr'><strong>X</strong></span> 
     </span>
    </p>
   </div>
   <div class='ocr_carea' id='block_1_5' title="bbox 220 3893 3240 4334">
    <p class='ocr_par' dir='ltr' id='par_1_10' title="bbox 220 3893 3240 4334">
     <span class='ocr_line' id='line_1_34' title="bbox 306 3893 3234 3976; baseline 0.002 -23"><span class='ocrx_word' id='word_1_356' title='bbox 306 3904 421 3964; x_wconf 81' lang='lat' dir='ltr'>(a)</span> <span class='ocrx_word' id='word_1_357' title='bbox 458 3905 679 3964; x_wconf 79' lang='lat' dir='ltr'>Brevi)</span> <span class='ocrx_word' id='word_1_358' title='bbox 718 3898 895 3960; x_wconf 71' lang='lat' dir='ltr'>Lamb-</span> <span class='ocrx_word' id='word_1_359' title='bbox 932 3897 1179 3956; x_wconf 61' lang='lat' dir='ltr'>brevem</span> <span class='ocrx_word' id='word_1_360' title='bbox 1776 3896 2015 3956; x_wconf 73' lang='lat' dir='ltr'>caenabo</span> <span class='ocrx_word' id='word_1_361' title='bbox 2048 3895 2199 3976; x_wconf 53' lang='lat' dir='ltr'>astur}</span> <span class='ocrx_word' id='word_1_362' title='bbox 2216 3913 2269 3952; x_wconf 84' lang='lat' dir='ltr'>te</span> <span class='ocrx_word' id='word_1_363' title='bbox 2289 3937 2308 3972; x_wconf 46' lang='grc' dir='ltr'><em>ρ</em></span> <span class='ocrx_word' id='word_1_364' title='bbox 2342 3893 2421 3974; x_wconf 31' lang='lat' dir='ltr'>‘est</span> <span class='ocrx_word' id='word_1_365' title='bbox 2456 3901 2604 3954; x_wconf 74' lang='lat' dir='ltr'>enim</span> <span class='ocrx_word' id='word_1_366' title='bbox 2637 3903 2742 3956; x_wconf 76' lang='lat' dir='ltr'>uni</span> <span class='ocrx_word' id='word_1_367' title='bbox 2769 3901 2955 3959; x_wconf 78' lang='lat' dir='ltr'>locus:</span> <span class='ocrx_word' id='word_1_368' title='bbox 2997 3901 3072 3960; x_wconf 75' lang='lat' dir='ltr'>ita</span> <span class='ocrx_word' id='word_1_369' title='bbox 3109 3921 3234 3958; x_wconf 83' lang='lat' dir='ltr'>car·</span> 
     </span>
     <span class='ocr_line' id='line_1_35' title="bbox 303 3966 3224 4048; baseline 0.002 -22"><span class='ocrx_word' id='word_1_370' title='bbox 303 3977 333 4034; x_wconf 87' lang='lat'><strong>(</strong></span> <span class='ocrx_word' id='word_1_371' title='bbox 354 3971 432 4036; x_wconf 83' lang='lat' dir='ltr'>b)</span> <span class='ocrx_word' id='word_1_372' title='bbox 470 3971 747 4040; x_wconf 56' lang='lat' dir='ltr'>vestrum)</span> <span class='ocrx_word' id='word_1_373' title='bbox 786 3969 963 4028; x_wconf 82' lang='lat' dir='ltr'>Lamb.</span> <span class='ocrx_word' id='word_1_374' title='bbox 1000 3969 1277 4036; x_wconf 74' lang='lat' dir='ltr'>nostrum.</span> <span class='ocrx_word' id='word_1_375' title='bbox 1774 3969 1930 4042; x_wconf 83' lang='lat' dir='ltr'>pebat</span> <span class='ocrx_word' id='word_1_376' title='bbox 1970 3966 2212 4048; x_wconf 58' lang='lat' dir='ltr'>bominis</span> <span class='ocrx_word' id='word_1_377' title='bbox 2251 3985 2448 4024; x_wconf 78' lang='lat' dir='ltr'>vitium</span> <span class='ocrx_word' id='word_1_378' title='bbox 2471 4007 2488 4032; x_wconf 86' lang='lat'>,</span> <span class='ocrx_word' id='word_1_379' title='bbox 2523 3971 2668 4038; x_wconf 83' lang='lat' dir='ltr'>cujus</span> <span class='ocrx_word' id='word_1_380' title='bbox 2707 3990 2761 4026; x_wconf 82' lang='lat' dir='ltr'>in</span> <span class='ocrx_word' id='word_1_381' title='bbox 2793 3972 2952 4030; x_wconf 84' lang='lat' dir='ltr'>vultu</span> <span class='ocrx_word' id='word_1_382' title='bbox 2987 3990 3101 4029; x_wconf 81' lang='lat' dir='ltr'>erat</span> <span class='ocrx_word' id='word_1_383' title='bbox 3133 3971 3224 4032; x_wconf 83' lang='lat' dir='ltr'>lo·-</span> 
     </span>
     <span class='ocr_line' id='line_1_36' title="bbox 303 4037 3232 4110; baseline 0 -10"><span class='ocrx_word' id='word_1_384' title='bbox 303 4047 460 4108; x_wconf 84' lang='lat'><em>(79)</em></span> <span class='ocrx_word' id='word_1_385' title='bbox 497 4047 775 4101; x_wconf 71' lang='lat' dir='ltr'>Granium</span> <span class='ocrx_word' id='word_1_386' title='bbox 807 4050 835 4108; x_wconf 86' lang='lat'>)</span> <span class='ocrx_word' id='word_1_387' title='bbox 888 4045 1202 4098; x_wconf 77' lang='lat' dir='ltr'>Praeconem</span> <span class='ocrx_word' id='word_1_388' title='bbox 1242 4081 1260 4104; x_wconf 92' lang='lat'><strong>,</strong></span> <span class='ocrx_word' id='word_1_389' title='bbox 1305 4040 1452 4106; x_wconf 80' lang='lat' dir='ltr'>cujus</span> <span class='ocrx_word' id='word_1_390' title='bbox 1504 4037 1675 4098; x_wconf 71' lang='lat' dir='ltr'>nmlra</span> <span class='ocrx_word' id='word_1_391' title='bbox 1779 4052 2002 4098; x_wconf 55' lang='lat' dir='ltr'>curun}</span> <span class='ocrx_word' id='word_1_392' title='bbox 2038 4037 2239 4098; x_wconf 81' lang='lat' dir='ltr'>oculo;</span> <span class='ocrx_word' id='word_1_393' title='bbox 2279 4037 2420 4109; x_wconf 80' lang='lat' dir='ltr'>quasi</span> <span class='ocrx_word' id='word_1_394' title='bbox 2469 4039 2525 4095; x_wconf 87' lang='lat' dir='ltr'>in</span> <span class='ocrx_word' id='word_1_395' title='bbox 2563 4045 2676 4110; x_wconf 71' lang='lat' dir='ltr'>ejus</span> <span class='ocrx_word' id='word_1_396' title='bbox 2717 4040 2966 4100; x_wconf 81' lang='lat' dir='ltr'>triclinio</span> <span class='ocrx_word' id='word_1_397' title='bbox 3003 4049 3060 4100; x_wconf 71' lang='grc' dir='ltr'>ὅ(</span> <span class='ocrx_word' id='word_1_398' title='bbox 3095 4063 3232 4102; x_wconf 88' lang='lat' dir='ltr'>con-</span> 
     </span>
     <span class='ocr_line' id='line_1_37' title="bbox 226 4105 3240 4182; baseline 0.001 -14"><span class='ocrx_word' id='word_1_399' title='bbox 226 4109 373 4168; x_wconf 71' lang='lat' dir='ltr'>dicia</span> <span class='ocrx_word' id='word_1_400' title='bbox 416 4111 650 4170; x_wconf 75' lang='lat' dir='ltr'>verfibus</span> <span class='ocrx_word' id='word_1_401' title='bbox 685 4131 795 4168; x_wconf 81' lang='lat' dir='ltr'>erat</span> <span class='ocrx_word' id='word_1_402' title='bbox 832 4111 1147 4182; x_wconf 79' lang='lat' dir='ltr'>complexus</span> <span class='ocrx_word' id='word_1_403' title='bbox 1185 4112 1423 4170; x_wconf 76' lang='lat' dir='ltr'>Lucilius</span> <span class='ocrx_word' id='word_1_404' title='bbox 1462 4150 1479 4166; x_wconf 87' lang='lat'>.</span> <span class='ocrx_word' id='word_1_405' title='bbox 1534 4119 1678 4168; x_wconf 81' lang='lat' dir='ltr'>Cm-</span> <span class='ocrx_word' id='word_1_406' title='bbox 1784 4110 1947 4168; x_wconf 85' lang='lat' dir='ltr'>vivio</span> <span class='ocrx_word' id='word_1_407' title='bbox 2008 4110 2101 4167; x_wconf 87' lang='lat' dir='ltr'>uni</span> <span class='ocrx_word' id='word_1_408' title='bbox 2140 4105 2314 4166; x_wconf 81' lang='lat' dir='ltr'>fuiffet</span> <span class='ocrx_word' id='word_1_409' title='bbox 2369 4107 2585 4166; x_wconf 80' lang='lat' dir='ltr'>homini</span> <span class='ocrx_word' id='word_1_410' title='bbox 2627 4111 2771 4168; x_wconf 88' lang='lat' dir='ltr'>locus</span> <span class='ocrx_word' id='word_1_411' title='bbox 2822 4132 3008 4172; x_wconf 84' lang='lat' dir='ltr'>vacuus</span> <span class='ocrx_word' id='word_1_412' title='bbox 3043 4153 3058 4170; x_wconf 88' lang='lat'>.</span> <span class='ocrx_word' id='word_1_413' title='bbox 3097 4111 3240 4174; x_wconf 82' lang='lat' dir='ltr'>Res-</span> 
     </span>
     <span class='ocr_line' id='line_1_38' title="bbox 220 4179 3237 4253; baseline 0.001 -13"><span class='ocrx_word' id='word_1_414' title='bbox 220 4187 386 4250; x_wconf 67' lang='lat' dir='ltr'>iieere</span> <span class='ocrx_word' id='word_1_415' title='bbox 422 4189 483 4239; x_wconf 75' lang='lat' dir='ltr'>in</span> <span class='ocrx_word' id='word_1_416' title='bbox 522 4183 711 4253; x_wconf 80' lang='lat' dir='ltr'>versus</span> <span class='ocrx_word' id='word_1_417' title='bbox 750 4183 957 4242; x_wconf 64' lang='lat' dir='ltr'>dicium</span> <span class='ocrx_word' id='word_1_418' title='bbox 986 4185 1233 4253; x_wconf 64' lang='lat' dir='ltr'>preconis</span> <span class='ocrx_word' id='word_1_419' title='bbox 1252 4181 1507 4240; x_wconf 76' lang='lat' dir='ltr'>volebam</span> <span class='ocrx_word' id='word_1_420' title='bbox 1530 4191 1682 4241; x_wconf 74' lang='lat' dir='ltr'>Gra·</span> <span class='ocrx_word' id='word_1_421' title='bbox 1784 4179 1988 4253; x_wconf 84' lang='lat' dir='ltr'>pondit</span> <span class='ocrx_word' id='word_1_422' title='bbox 2028 4181 2240 4238; x_wconf 78' lang='lat' dir='ltr'>Sextius</span> <span class='ocrx_word' id='word_1_423' title='bbox 2278 4179 2464 4239; x_wconf 69' lang='lat' dir='ltr'>subtili</span> <span class='ocrx_word' id='word_1_424' title='bbox 2502 4200 2560 4238; x_wconf 80' lang='lat' dir='ltr'>ac</span> <span class='ocrx_word' id='word_1_425' title='bbox 2599 4180 2780 4242; x_wconf 77' lang='lat' dir='ltr'>subito</span> <span class='ocrx_word' id='word_1_426' title='bbox 2811 4187 2977 4252; x_wconf 74' lang='lat' dir='ltr'>joco:</span> <span class='ocrx_word' id='word_1_427' title='bbox 3037 4193 3237 4244; x_wconf 73' lang='lat' dir='ltr'>Coena-</span> 
     </span>
     <span class='ocr_line' id='line_1_39' title="bbox 228 4251 3240 4334; baseline -0.001 -22"><span class='ocrx_word' id='word_1_428' title='bbox 228 4259 287 4312; x_wconf 82' lang='lat' dir='ltr'>m&#39;</span> <span class='ocrx_word' id='word_1_429' title='bbox 310 4295 327 4320; x_wconf 88' lang='lat'><strong><em>,</em></strong></span> <span class='ocrx_word' id='word_1_430' title='bbox 360 4255 519 4327; x_wconf 64' lang='lat' dir='ltr'>apudl</span> <span class='ocrx_word' id='word_1_431' title='bbox 542 4255 821 4318; x_wconf 80' lang='lat' dir='ltr'>Gellium,</span> <span class='ocrx_word' id='word_1_432' title='bbox 862 4255 1161 4322; x_wconf 78' lang='lat' dir='ltr'>(iv.17.)</span> <span class='ocrx_word' id='word_1_433' title='bbox 1199 4251 1343 4310; x_wconf 88' lang='lat' dir='ltr'>Vide</span> <span class='ocrx_word' id='word_1_434' title='bbox 1375 4255 1541 4312; x_wconf 75' lang='lat' dir='ltr'>Orat.</span> <span class='ocrx_word' id='word_1_435' title='bbox 1575 4273 1681 4326; x_wconf 87' lang='lat' dir='ltr'>pro</span> <span class='ocrx_word' id='word_1_436' title='bbox 1784 4253 1868 4308; x_wconf 79' lang='lat' dir='ltr'>bis</span> <span class='ocrx_word' id='word_1_437' title='bbox 1906 4257 2189 4309; x_wconf 74' lang='lat' dir='ltr'>enimvero</span> <span class='ocrx_word' id='word_1_438' title='bbox 2223 4253 2373 4314; x_wconf 65' lang='lat' dir='ltr'>apud</span> <span class='ocrx_word' id='word_1_439' title='bbox 2409 4272 2539 4331; x_wconf 50' lang='lat' dir='ltr'>me.</span> <span class='ocrx_word' id='word_1_440' title='bbox 2571 4251 2682 4334; x_wconf 44' lang='lat' dir='ltr'>sed·</span> <span class='ocrx_word' id='word_1_441' title='bbox 2702 4260 2859 4326; x_wconf 77' lang='lat' dir='ltr'>prius</span> <span class='ocrx_word' id='word_1_442' title='bbox 2899 4275 3102 4312; x_wconf 73' lang='lat' dir='ltr'>manus</span> <span class='ocrx_word' id='word_1_443' title='bbox 3143 4255 3240 4312; x_wconf 77' lang='lat' dir='ltr'>la-</span> 
     </span>
    </p>
   </div>
   <div class='ocr_carea' id='block_1_6' title="bbox 224 4315 3238 4548">
    <p class='ocr_par' dir='ltr' id='par_1_11' title="bbox 224 4315 3238 4548">
     <span class='ocr_line' id='line_1_40' title="bbox 226 4315 3238 4398; baseline -0 -14"><span class='ocrx_word' id='word_1_444' title='bbox 226 4325 471 4392; x_wconf 85' lang='lat' dir='ltr'>Planco,</span> <span class='ocrx_word' id='word_1_445' title='bbox 508 4332 669 4398; x_wconf 84' lang='lat' dir='ltr'>(cap.</span> <span class='ocrx_word' id='word_1_446' title='bbox 694 4333 825 4397; x_wconf 79' lang='lat'>14.)</span> <span class='ocrx_word' id='word_1_447' title='bbox 860 4323 1153 4382; x_wconf 77' lang='lat' dir='ltr'>Turnebus</span> <span class='ocrx_word' id='word_1_448' title='bbox 1177 4363 1193 4378; x_wconf 92' lang='lat'>.</span> <span class='ocrx_word' id='word_1_449' title='bbox 1784 4343 1868 4380; x_wconf 80' lang='lat' dir='ltr'>va</span> <span class='ocrx_word' id='word_1_450' title='bbox 1896 4347 1915 4378; x_wconf 92' lang='lat'>.·</span> <span class='ocrx_word' id='word_1_451' title='bbox 1968 4342 2075 4393; x_wconf 87' lang='lat' dir='ltr'>quo</span> <span class='ocrx_word' id='word_1_452' title='bbox 2127 4321 2278 4380; x_wconf 69' lang='lat' dir='ltr'>disto</span> <span class='ocrx_word' id='word_1_453' title='bbox 2308 4362 2328 4388; x_wconf 85' lang='lat'><em>,</em></span> <span class='ocrx_word' id='word_1_454' title='bbox 2383 4315 2630 4382; x_wconf 77' lang='lat' dir='ltr'>hominis</span> <span class='ocrx_word' id='word_1_455' title='bbox 2667 4325 3035 4398; x_wconf 83' lang='lat' dir='ltr'>impuritatem</span> <span class='ocrx_word' id='word_1_456' title='bbox 3072 4345 3238 4386; x_wconf 84' lang='lat' dir='ltr'>nota-</span> 
     </span>
     <span class='ocr_line' id='line_1_41' title="bbox 302 4391 2234 4468; baseline -0.005 -12"><span class='ocrx_word' id='word_1_457' title='bbox 302 4403 329 4456; x_wconf 76' lang='lat'><strong>(</strong></span> <span class='ocrx_word' id='word_1_458' title='bbox 352 4405 470 4464; x_wconf 75' lang='lat' dir='ltr'>ao)</span> <span class='ocrx_word' id='word_1_459' title='bbox 508 4405 619 4455; x_wconf 81' lang='lat' dir='ltr'>Um</span> <span class='ocrx_word' id='word_1_460' title='bbox 659 4417 805 4454; x_wconf 80' lang='lat' dir='ltr'>emm</span> <span class='ocrx_word' id='word_1_461' title='bbox 842 4398 1021 4453; x_wconf 77' lang='lat' dir='ltr'>Iocum</span> <span class='ocrx_word' id='word_1_462' title='bbox 1054 4391 1146 4468; x_wconf 80' lang='lat' dir='ltr'>effe</span> <span class='ocrx_word' id='word_1_463' title='bbox 1183 4395 1381 4460; x_wconf 75' lang='lat' dir='ltr'>video)</span> <span class='ocrx_word' id='word_1_464' title='bbox 1418 4395 1583 4467; x_wconf 76' lang='lat' dir='ltr'>Jocua</span> <span class='ocrx_word' id='word_1_465' title='bbox 1604 4393 1681 4451; x_wconf 85' lang='lat' dir='ltr'>est</span> <span class='ocrx_word' id='word_1_466' title='bbox 1788 4393 1903 4450; x_wconf 86' lang='lat' dir='ltr'>bat.</span> <span class='ocrx_word' id='word_1_467' title='bbox 1944 4391 2234 4462; x_wconf 78' lang='lat' dir='ltr'>Prusteus.</span> 
     </span>
     <span class='ocr_line' id='line_1_42' title="bbox 224 4461 3224 4548; baseline -0.001 -22"><span class='ocrx_word' id='word_1_468' title='bbox 224 4469 473 4540; x_wconf 63' lang='lat' dir='ltr'>sumptus</span> <span class='ocrx_word' id='word_1_469' title='bbox 508 4489 577 4527; x_wconf 83' lang='lat' dir='ltr'>ex</span> <span class='ocrx_word' id='word_1_470' title='bbox 634 4469 909 4526; x_wconf 85' lang='lat' dir='ltr'>communi</span> <span class='ocrx_word' id='word_1_471' title='bbox 952 4465 1174 4524; x_wconf 88' lang='lat' dir='ltr'>illorum</span> <span class='ocrx_word' id='word_1_472' title='bbox 1213 4483 1516 4544; x_wconf 76' lang='lat' dir='ltr'>temporum</span> <span class='ocrx_word' id='word_1_473' title='bbox 1550 4483 1687 4522; x_wconf 81' lang='lat' dir='ltr'>ton-</span> <span class='ocrx_word' id='word_1_474' title='bbox 1858 4469 2017 4530; x_wconf 75' lang='lat'>(82)</span> <span class='ocrx_word' id='word_1_475' title='bbox 2066 4471 2208 4542; x_wconf 63' lang='lat' dir='ltr'>Praer</span> <span class='ocrx_word' id='word_1_476' title='bbox 2259 4463 2420 4544; x_wconf 46' lang='lat' dir='ltr'>abige</span> <span class='ocrx_word' id='word_1_477' title='bbox 2473 4461 2754 4538; x_wconf 70' lang='lat' dir='ltr'>musi-as)</span> <span class='ocrx_word' id='word_1_478' title='bbox 2805 4467 3116 4548; x_wconf 60' lang='lat' dir='ltr'>Propinqui</span> <span class='ocrx_word' id='word_1_479' title='bbox 3165 4471 3224 4526; x_wconf 69' lang='lat' dir='ltr'>Bt</span> 
     </span>
    </p>
   </div>
   <div class='ocr_carea' id='block_1_7' title="bbox 222 4535 3238 4902">
    <p class='ocr_par' dir='ltr' id='par_1_12' title="bbox 222 4535 3238 4902">
     <span class='ocr_line' id='line_1_43' title="bbox 224 4535 3228 4612; baseline -0 -15"><span class='ocrx_word' id='word_1_480' title='bbox 224 4539 529 4598; x_wconf 81' lang='lat' dir='ltr'>suetudine</span> <span class='ocrx_word' id='word_1_481' title='bbox 572 4539 875 4612; x_wconf 84' lang='lat' dir='ltr'>loquendi,</span> <span class='ocrx_word' id='word_1_482' title='bbox 909 4557 1009 4612; x_wconf 82' lang='lat' dir='ltr'>qua</span> <span class='ocrx_word' id='word_1_483' title='bbox 1044 4537 1249 4610; x_wconf 86' lang='lat' dir='ltr'>aliquot</span> <span class='ocrx_word' id='word_1_484' title='bbox 1284 4537 1540 4594; x_wconf 83' lang='lat' dir='ltr'>convivis</span> <span class='ocrx_word' id='word_1_485' title='bbox 1580 4555 1683 4593; x_wconf 87' lang='lat' dir='ltr'>vo·</span> <span class='ocrx_word' id='word_1_486' title='bbox 1784 4535 1981 4602; x_wconf 86' lang='lat' dir='ltr'>amici,</span> <span class='ocrx_word' id='word_1_487' title='bbox 2033 4553 2127 4607; x_wconf 80' lang='lat' dir='ltr'>qut</span> <span class='ocrx_word' id='word_1_488' title='bbox 2166 4543 2386 4604; x_wconf 77' lang='lat' dir='ltr'>gratiolt</span> <span class='ocrx_word' id='word_1_489' title='bbox 2423 4551 2577 4592; x_wconf 77' lang='lat' dir='ltr'>crant</span> <span class='ocrx_word' id='word_1_490' title='bbox 2613 4557 2699 4596; x_wconf 82' lang='lat' dir='ltr'>aut</span> <span class='ocrx_word' id='word_1_491' title='bbox 2757 4537 2920 4604; x_wconf 80' lang='lat' dir='ltr'>clari,</span> <span class='ocrx_word' id='word_1_492' title='bbox 2961 4540 3228 4597; x_wconf 76' lang='lat' dir='ltr'>deducere</span> 
     </span>
     <span class='ocr_line' id='line_1_44' title="bbox 225 4603 3226 4686; baseline -0.001 -16"><span class='ocrx_word' id='word_1_493' title='bbox 225 4631 395 4677; x_wconf 72' lang='lat' dir='ltr'>catis,</span> <span class='ocrx_word' id='word_1_494' title='bbox 447 4612 497 4668; x_wconf 87' lang='lat' dir='ltr'>ei</span> <span class='ocrx_word' id='word_1_495' title='bbox 529 4631 686 4684; x_wconf 80' lang='lat' dir='ltr'>quent</span> <span class='ocrx_word' id='word_1_496' title='bbox 737 4629 997 4684; x_wconf 80' lang='lat' dir='ltr'>praeterea</span> <span class='ocrx_word' id='word_1_497' title='bbox 1069 4609 1367 4666; x_wconf 79' lang='lat' dir='ltr'>invitatum</span> <span class='ocrx_word' id='word_1_498' title='bbox 1423 4607 1677 4686; x_wconf 79' lang='lat' dir='ltr'>vellent,</span> <span class='ocrx_word' id='word_1_499' title='bbox 1784 4607 2027 4686; x_wconf 65' lang='lat' dir='ltr'>solebant</span> <span class='ocrx_word' id='word_1_500' title='bbox 2081 4603 2424 4672; x_wconf 79' lang='lat' dir='ltr'>candidatos,</span> <span class='ocrx_word' id='word_1_501' title='bbox 2462 4607 2552 4679; x_wconf 86' lang='lat' dir='ltr'>qui</span> <span class='ocrx_word' id='word_1_502' title='bbox 2589 4607 2904 4680; x_wconf 84' lang='lat' dir='ltr'>prensatum</span> <span class='ocrx_word' id='word_1_503' title='bbox 2941 4609 3086 4667; x_wconf 80' lang='lat' dir='ltr'>ibant</span> <span class='ocrx_word' id='word_1_504' title='bbox 3109 4651 3126 4676; x_wconf 94' lang='lat'><strong><em>,</em></strong></span> <span class='ocrx_word' id='word_1_505' title='bbox 3165 4627 3226 4666; x_wconf 86' lang='lat' dir='ltr'>ut</span> 
     </span>
     <span class='ocr_line' id='line_1_45' title="bbox 222 4676 3231 4806; baseline -0.002 -65"><span class='ocrx_word' id='word_1_506' title='bbox 222 4686 410 4742; x_wconf 84' lang='lat' dir='ltr'>locum</span> <span class='ocrx_word' id='word_1_507' title='bbox 448 4681 710 4755; x_wconf 82' lang='lat' dir='ltr'>superess&#39;e</span> <span class='ocrx_word' id='word_1_508' title='bbox 759 4681 1010 4739; x_wconf 81' lang='lat' dir='ltr'>dicebant</span> <span class='ocrx_word' id='word_1_509' title='bbox 1040 4720 1057 4736; x_wconf 93' lang='lat'>.</span> <span class='ocrx_word' id='word_1_510' title='bbox 1100 4679 1309 4738; x_wconf 80' lang='lat' dir='ltr'>Plautus</span> <span class='ocrx_word' id='word_1_511' title='bbox 1348 4680 1407 4736; x_wconf 85' lang='lat' dir='ltr'>in</span> <span class='ocrx_word' id='word_1_512' title='bbox 1444 4676 1677 4743; x_wconf 78' lang='lat' dir='ltr'>Sticho,</span> <span class='ocrx_word' id='word_1_513' title='bbox 1778 4679 1986 4806; x_wconf 58' lang='grc' dir='ltr'>ξετίειο</span> <span class='ocrx_word' id='word_1_514' title='bbox 2035 4681 2092 4735; x_wconf 77' lang='grc' dir='ltr'>δε</span> <span class='ocrx_word' id='word_1_515' title='bbox 2144 4678 2372 4748; x_wconf 82' lang='lat' dir='ltr'>gratiam</span> <span class='ocrx_word' id='word_1_516' title='bbox 2421 4681 2478 4736; x_wconf 76' lang='grc' dir='ltr'>δε</span> <span class='ocrx_word' id='word_1_517' title='bbox 2547 4681 2918 4740; x_wconf 69' lang='lat' dir='ltr'>auctoritatem</span> <span class='ocrx_word' id='word_1_518' title='bbox 2969 4684 3231 4748; x_wconf 78' lang='lat' dir='ltr'>majorem</span> 
     </span>
     <span class='ocr_line' id='line_1_46' title="bbox 225 4749 3238 4828; baseline -0.003 -13"><span class='ocrx_word' id='word_1_519' title='bbox 225 4756 459 4828; x_wconf 72' lang='lat' dir='ltr'>AEdepol</span> <span class='ocrx_word' id='word_1_520' title='bbox 496 4755 600 4811; x_wconf 76' lang='lat' dir='ltr'>ubi</span> <span class='ocrx_word' id='word_1_521' title='bbox 641 4759 851 4818; x_wconf 73' lang='lat' dir='ltr'>etiam,</span> <span class='ocrx_word' id='word_1_522' title='bbox 890 4765 1099 4826; x_wconf 69' lang='lat' dir='ltr'>opinor,</span> <span class='ocrx_word' id='word_1_523' title='bbox 1135 4757 1239 4809; x_wconf 76' lang='lat' dir='ltr'>uni</span> <span class='ocrx_word' id='word_1_524' title='bbox 1274 4752 1453 4808; x_wconf 79' lang='lat' dir='ltr'>locum</span> <span class='ocrx_word' id='word_1_525' title='bbox 1472 4751 1677 4823; x_wconf 74' lang='lat' dir='ltr'>conspi-</span> <span class='ocrx_word' id='word_1_526' title='bbox 1818 4751 1998 4808; x_wconf 86' lang='lat' dir='ltr'>aberet</span> <span class='ocrx_word' id='word_1_527' title='bbox 2028 4789 2045 4806; x_wconf 88' lang='lat'>.</span> <span class='ocrx_word' id='word_1_528' title='bbox 2096 4749 2276 4818; x_wconf 81' lang='lat' dir='ltr'>Igitur</span> <span class='ocrx_word' id='word_1_529' title='bbox 2320 4768 2444 4808; x_wconf 86' lang='lat' dir='ltr'>cum</span> <span class='ocrx_word' id='word_1_530' title='bbox 2495 4751 2568 4807; x_wconf 86' lang='lat' dir='ltr'>A.</span> <span class='ocrx_word' id='word_1_531' title='bbox 2603 4753 2958 4823; x_wconf 82' lang='lat' dir='ltr'>Sempronius</span> <span class='ocrx_word' id='word_1_532' title='bbox 3018 4751 3238 4820; x_wconf 74' lang='lat' dir='ltr'>Longus</span> 
     </span>
     <span class='ocr_line' id='line_1_47' title="bbox 227 4819 3224 4902; baseline -0.002 -19"><span class='ocrx_word' id='word_1_533' title='bbox 227 4849 316 4884; x_wconf 85' lang='lat' dir='ltr'>cor</span> <span class='ocrx_word' id='word_1_534' title='bbox 346 4869 365 4893; x_wconf 85' lang='lat'><em>‚</em></span> <span class='ocrx_word' id='word_1_535' title='bbox 417 4827 515 4884; x_wconf 78' lang='lat' dir='ltr'>ubi</span> <span class='ocrx_word' id='word_1_536' title='bbox 550 4823 776 4883; x_wconf 59' lang='lat' dir='ltr'>accubas</span> <span class='ocrx_word' id='word_1_537' title='bbox 807 4863 822 4880; x_wconf 93' lang='lat'>.</span> <span class='ocrx_word' id='word_1_538' title='bbox 880 4821 945 4882; x_wconf 85' lang='lat' dir='ltr'>Id</span> <span class='ocrx_word' id='word_1_539' title='bbox 992 4819 1299 4882; x_wconf 82' lang='lat' dir='ltr'>scurriliter</span> <span class='ocrx_word' id='word_1_540' title='bbox 1353 4821 1419 4879; x_wconf 86' lang='lat' dir='ltr'>ad</span> <span class='ocrx_word' id='word_1_541' title='bbox 1474 4821 1677 4882; x_wconf 84' lang='lat' dir='ltr'>vitium</span> <span class='ocrx_word' id='word_1_542' title='bbox 1776 4841 1898 4881; x_wconf 87' lang='lat' dir='ltr'>cum</span> <span class='ocrx_word' id='word_1_543' title='bbox 1934 4821 2098 4879; x_wconf 82' lang='lat' dir='ltr'>fratre</span> <span class='ocrx_word' id='word_1_544' title='bbox 2138 4822 2429 4891; x_wconf 77' lang='lat' dir='ltr'>Vargulam</span> <span class='ocrx_word' id='word_1_545' title='bbox 2465 4819 2591 4877; x_wconf 75' lang='lat' dir='ltr'>esset</span> <span class='ocrx_word' id='word_1_546' title='bbox 2625 4824 2971 4902; x_wconf 81' lang='lat' dir='ltr'>complexus,</span> <span class='ocrx_word' id='word_1_547' title='bbox 3011 4821 3224 4888; x_wconf 71' lang='lat' dir='ltr'>vargu-</span> 
     </span>
    </p>
   </div>
   <div class='ocr_carea' id='block_1_8' title="bbox 110 4883 3234 4966">
    <p class='ocr_par' dir='ltr' id='par_1_13' title="bbox 110 4883 3234 4966">
     <span class='ocr_line' id='line_1_48' title="bbox 110 4883 3234 4966; baseline -0.003 -10"><span class='ocrx_word' id='word_1_548' title='bbox 110 4897 123 4904; x_wconf 77' lang='grc'>’</span> <span class='ocrx_word' id='word_1_549' title='bbox 226 4899 373 4958; x_wconf 89' lang='lat' dir='ltr'>oculi</span> <span class='ocrx_word' id='word_1_550' title='bbox 413 4897 695 4956; x_wconf 84' lang='lat' dir='ltr'>convertit</span> <span class='ocrx_word' id='word_1_551' title='bbox 734 4894 985 4966; x_wconf 76' lang='lat' dir='ltr'>Appius·</span> <span class='ocrx_word' id='word_1_552' title='bbox 1024 4894 1207 4951; x_wconf 75' lang='lat' dir='ltr'>Idem.</span> <span class='ocrx_word' id='word_1_553' title='bbox 1780 4893 1829 4950; x_wconf 84' lang='lat' dir='ltr'>la</span> <span class='ocrx_word' id='word_1_554' title='bbox 1868 4891 2169 4954; x_wconf 86' lang='lat' dir='ltr'>scurriliter</span> <span class='ocrx_word' id='word_1_555' title='bbox 2206 4889 2370 4962; x_wconf 79' lang='lat' dir='ltr'>iufit,</span> <span class='ocrx_word' id='word_1_556' title='bbox 2407 4889 2598 4964; x_wconf 73' lang='lat' dir='ltr'>jubens</span> <span class='ocrx_word' id='word_1_557' title='bbox 2635 4894 2775 4966; x_wconf 76' lang='lat' dir='ltr'>abigi</span> <span class='ocrx_word' id='word_1_558' title='bbox 2813 4883 3046 4952; x_wconf 78' lang='lat' dir='ltr'>muscas.</span> <span class='ocrx_word' id='word_1_559' title='bbox 3081 4897 3234 4950; x_wconf 81' lang='lat' dir='ltr'>Tur·</span> 
     </span>
    </p>
   </div>
   <div class='ocr_carea' id='block_1_9' title="bbox 230 4961 2005 5112">
    <p class='ocr_par' dir='ltr' id='par_1_14' title="bbox 230 4961 2005 5112">
     <span class='ocr_line' id='line_1_49' title="bbox 300 4961 2005 5039; baseline -0.001 -11"><span class='ocrx_word' id='word_1_560' title='bbox 300 4975 464 5036; x_wconf 73' lang='lat'>(81)</span> <span class='ocrx_word' id='word_1_561' title='bbox 529 4978 739 5026; x_wconf 78' lang='lat' dir='ltr'>Manus</span> <span class='ocrx_word' id='word_1_562' title='bbox 792 4967 998 5030; x_wconf 74' lang='lat' dir='ltr'>lava)</span> <span class='ocrx_word' id='word_1_563' title='bbox 1056 4965 1269 5039; x_wconf 80' lang='lat' dir='ltr'>Appius</span> <span class='ocrx_word' id='word_1_564' title='bbox 1320 4961 1562 5024; x_wconf 86' lang='lat' dir='ltr'>irridens</span> <span class='ocrx_word' id='word_1_565' title='bbox 1600 4964 1679 5024; x_wconf 86' lang='lat' dir='ltr'>C.</span> <span class='ocrx_word' id='word_1_566' title='bbox 1781 4963 1953 5024; x_wconf 73' lang='lat' dir='ltr'>nebus</span> <span class='ocrx_word' id='word_1_567' title='bbox 1986 5001 2005 5026; x_wconf 66' lang='grc' dir='ltr'>ι</span> 
     </span>
     <span class='ocr_line' id='line_1_50' title="bbox 230 5033 1675 5112; baseline -0.007 -10"><span class='ocrx_word' id='word_1_568' title='bbox 230 5043 480 5102; x_wconf 79' lang='lat' dir='ltr'>Sextium</span> <span class='ocrx_word' id='word_1_569' title='bbox 510 5081 527 5108; x_wconf 93' lang='lat'><em>‚</em></span> <span class='ocrx_word' id='word_1_570' title='bbox 574 5039 668 5112; x_wconf 84' lang='lat' dir='ltr'>qui</span> <span class='ocrx_word' id='word_1_571' title='bbox 720 5037 895 5098; x_wconf 81' lang='lat' dir='ltr'>altero</span> <span class='ocrx_word' id='word_1_572' title='bbox 945 5033 1111 5098; x_wconf 84' lang='lat' dir='ltr'>oculo</span> <span class='ocrx_word' id='word_1_573' title='bbox 1158 5055 1338 5110; x_wconf 82' lang='lat' dir='ltr'>captus</span> <span class='ocrx_word' id='word_1_574' title='bbox 1373 5055 1523 5104; x_wconf 84' lang='lat' dir='ltr'>erat,</span> <span class='ocrx_word' id='word_1_575' title='bbox 1556 5035 1675 5102; x_wconf 88' lang='lat' dir='ltr'>ait,</span> 
     </span>
    </p>
   </div>
  </div>
 </body>
</html>
