<?xml version="1.0" encoding="UTF-8"?>
<!DOCTYPE html PUBLIC "-//W3C//DTD XHTML 1.0 Transitional//EN"
    "http://www.w3.org/TR/xhtml1/DTD/xhtml1-transitional.dtd">
<html xmlns="http://www.w3.org/1999/xhtml" xml:lang="en" lang="en">
 <head>
  <title>
</title>
<meta http-equiv="Content-Type" content="text/html;charset=utf-8" />
  <meta name='ocr-system' content='tesseract 3.04.00' />
  <meta name='ocr-capabilities' content='ocr_page ocr_carea ocr_par ocr_line ocrx_word'/>
</head>
<body>
  <div class='ocr_page' id='page_1' title='image "./operacumdelectu00dgoog_0158.png"; bbox 0 0 4359 6321; ppageno 0'>
   <div class='ocr_carea' id='block_1_1' title="bbox 1185 434 3284 571">
    <p class='ocr_par' dir='ltr' id='par_1_1' title="bbox 1185 434 3284 571">
     <span class='ocr_line' id='line_1_1' title="bbox 1185 434 3284 571; baseline -0.005 -32"><span class='ocrx_word' id='word_1_1' title='bbox 1185 452 1362 571; x_wconf 73' lang='lat'>136</span> <span class='ocrx_word' id='word_1_2' title='bbox 1918 440 2150 533; x_wconf 81' lang='lat' dir='ltr'>DE</span> <span class='ocrx_word' id='word_1_3' title='bbox 2274 434 3284 539; x_wconf 74' lang='lat' dir='ltr'><em>ORATORE-</em></span> 
     </span>
    </p>
   </div>
   <div class='ocr_carea' id='block_1_2' title="bbox 1036 557 4042 3069">
    <p class='ocr_par' dir='ltr' id='par_1_2' title="bbox 1044 557 4042 856">
     <span class='ocr_line' id='line_1_2' title="bbox 1044 557 4035 655; baseline -0.001 -22"><span class='ocrx_word' id='word_1_4' title='bbox 1044 568 1366 655; x_wconf 83' lang='lat' dir='ltr'>reliquam</span> <span class='ocrx_word' id='word_1_5' title='bbox 1421 562 1685 632; x_wconf 82' lang='lat' dir='ltr'>facilem</span> <span class='ocrx_word' id='word_1_6' title='bbox 1733 560 1872 631; x_wconf 88' lang='lat' dir='ltr'>esse</span> <span class='ocrx_word' id='word_1_7' title='bbox 1921 562 2330 632; x_wconf 65' lang='lat' dir='ltr'>dostrinam:</span> <span class='ocrx_word' id='word_1_8' title='bbox 2388 557 2473 623; x_wconf 86' lang='lat' dir='ltr'>fic</span> <span class='ocrx_word' id='word_1_9' title='bbox 2524 578 2652 649; x_wconf 87' lang='lat' dir='ltr'>ego</span> <span class='ocrx_word' id='word_1_10' title='bbox 2705 558 3049 647; x_wconf 86' lang='lat' dir='ltr'>intelligo,</span> <span class='ocrx_word' id='word_1_11' title='bbox 3103 559 3149 625; x_wconf 81' lang='lat' dir='ltr'>s1</span> <span class='ocrx_word' id='word_1_12' title='bbox 3200 562 3268 624; x_wconf 89' lang='lat' dir='ltr'>in</span> <span class='ocrx_word' id='word_1_13' title='bbox 3319 558 3459 627; x_wconf 82' lang='lat' dir='ltr'>haec</span> <span class='ocrx_word' id='word_1_14' title='bbox 3514 580 3657 649; x_wconf 82' lang='lat' dir='ltr'>quae</span> <span class='ocrx_word' id='word_1_15' title='bbox 3714 562 4035 647; x_wconf 81' lang='lat' dir='ltr'>patefecit</span> 
     </span>
     <span class='ocr_line' id='line_1_3' title="bbox 1044 658 4042 755; baseline 0 -21"><span class='ocrx_word' id='word_1_16' title='bbox 1044 669 1341 735; x_wconf 87' lang='lat' dir='ltr'>oratione</span> <span class='ocrx_word' id='word_1_17' title='bbox 1392 667 1506 733; x_wconf 86' lang='lat' dir='ltr'>sua</span> <span class='ocrx_word' id='word_1_18' title='bbox 1555 666 1868 751; x_wconf 82' lang='lat' dir='ltr'>Crassus,</span> <span class='ocrx_word' id='word_1_19' title='bbox 1915 668 2158 732; x_wconf 86' lang='lat' dir='ltr'>intrare</span> <span class='ocrx_word' id='word_1_20' title='bbox 2210 660 2548 745; x_wconf 75' lang='lat' dir='ltr'>volueritis</span> <span class='ocrx_word' id='word_1_21' title='bbox 2585 713 2606 748; x_wconf 88' lang='lat'>,</span> <span class='ocrx_word' id='word_1_22' title='bbox 2658 658 2977 727; x_wconf 81' lang='lat' dir='ltr'>facillime</span> <span class='ocrx_word' id='word_1_23' title='bbox 3036 680 3149 726; x_wconf 89' lang='lat' dir='ltr'>vos</span> <span class='ocrx_word' id='word_1_24' title='bbox 3204 660 3286 724; x_wconf 86' lang='lat' dir='ltr'>ad</span> <span class='ocrx_word' id='word_1_25' title='bbox 3337 680 3414 727; x_wconf 86' lang='lat' dir='ltr'>ea</span> <span class='ocrx_word' id='word_1_26' title='bbox 3462 712 3482 747; x_wconf 94' lang='lat'>,</span> <span class='ocrx_word' id='word_1_27' title='bbox 3540 682 3682 749; x_wconf 68' lang='lat' dir='ltr'>quae</span> <span class='ocrx_word' id='word_1_28' title='bbox 3736 667 3979 753; x_wconf 90' lang='lat' dir='ltr'>cupitis</span> <span class='ocrx_word' id='word_1_29' title='bbox 4021 720 4042 755; x_wconf 92' lang='lat'>,</span> 
     </span>
     <span class='ocr_line' id='line_1_4' title="bbox 1047 760 2883 856; baseline -0.004 -23"><span class='ocrx_word' id='word_1_30' title='bbox 1047 782 1486 856; x_wconf 82' lang='lat' dir='ltr'>perventuros</span> <span class='ocrx_word' id='word_1_31' title='bbox 1536 765 1618 833; x_wconf 88' lang='lat' dir='ltr'>ab</span> <span class='ocrx_word' id='word_1_32' title='bbox 1665 766 1789 835; x_wconf 88' lang='lat' dir='ltr'>hoc</span> <span class='ocrx_word' id='word_1_33' title='bbox 1841 766 2020 835; x_wconf 86' lang='lat' dir='ltr'>aditu</span> <span class='ocrx_word' id='word_1_34' title='bbox 2059 818 2080 851; x_wconf 92' lang='lat'>,</span> <span class='ocrx_word' id='word_1_35' title='bbox 2131 764 2463 851; x_wconf 81' lang='lat' dir='ltr'>januaque</span> <span class='ocrx_word' id='word_1_36' title='bbox 2516 760 2883 847; x_wconf 66' lang='lat' dir='ltr'>patefasta.</span> 
     </span>
    </p>

    <p class='ocr_par' dir='ltr' id='par_1_3' title="bbox 1036 860 4037 1561">
     <span class='ocr_line' id='line_1_5' title="bbox 1145 860 4037 957; baseline 0.001 -23"><span class='ocrx_word' id='word_1_37' title='bbox 1145 866 1350 936; x_wconf 89' lang='lat' dir='ltr'>Nobis</span> <span class='ocrx_word' id='word_1_38' title='bbox 1397 890 1560 937; x_wconf 88' lang='lat' dir='ltr'>vero</span> <span class='ocrx_word' id='word_1_39' title='bbox 1602 921 1623 956; x_wconf 93' lang='lat'>,</span> <span class='ocrx_word' id='word_1_40' title='bbox 1693 868 1904 957; x_wconf 88' lang='lat' dir='ltr'>inquit</span> <span class='ocrx_word' id='word_1_41' title='bbox 1953 865 2283 951; x_wconf 83' lang='lat' dir='ltr'>Sulpicius</span> <span class='ocrx_word' id='word_1_42' title='bbox 2324 915 2343 947; x_wconf 92' lang='lat'>,</span> <span class='ocrx_word' id='word_1_43' title='bbox 2414 860 2530 927; x_wconf 87' lang='lat' dir='ltr'>ista</span> <span class='ocrx_word' id='word_1_44' title='bbox 2603 862 2751 929; x_wconf 89' lang='lat' dir='ltr'>sunt</span> <span class='ocrx_word' id='word_1_45' title='bbox 2804 875 3101 950; x_wconf 87' lang='lat' dir='ltr'>pergrata</span> <span class='ocrx_word' id='word_1_46' title='bbox 3173 880 3421 949; x_wconf 81' lang='lat' dir='ltr'>perque</span> <span class='ocrx_word' id='word_1_47' title='bbox 3490 862 3780 939; x_wconf 74' lang='lat' dir='ltr'>jucunda</span> <span class='ocrx_word' id='word_1_48' title='bbox 3831 891 3886 931; x_wconf 71' lang='grc' dir='ltr'>ι.</span> <span class='ocrx_word' id='word_1_49' title='bbox 3926 866 4037 937; x_wconf 86' lang='lat' dir='ltr'>sed</span> 
     </span>
     <span class='ocr_line' id='line_1_6' title="bbox 1041 960 4037 1060; baseline -0.001 -21"><span class='ocrx_word' id='word_1_50' title='bbox 1041 989 1253 1060; x_wconf 83' lang='lat' dir='ltr'>pauca</span> <span class='ocrx_word' id='word_1_51' title='bbox 1303 971 1508 1038; x_wconf 88' lang='lat' dir='ltr'>etiam</span> <span class='ocrx_word' id='word_1_52' title='bbox 1555 969 1952 1058; x_wconf 84' lang='lat' dir='ltr'>requirimus</span> <span class='ocrx_word' id='word_1_53' title='bbox 1989 1018 2009 1051; x_wconf 94' lang='lat'>,</span> <span class='ocrx_word' id='word_1_54' title='bbox 2060 967 2128 1030; x_wconf 88' lang='lat' dir='ltr'>in</span> <span class='ocrx_word' id='word_1_55' title='bbox 2181 962 2539 1052; x_wconf 71' lang='lat' dir='ltr'>primisque</span> <span class='ocrx_word' id='word_1_56' title='bbox 2585 985 2665 1032; x_wconf 86' lang='lat' dir='ltr'>ea</span> <span class='ocrx_word' id='word_1_57' title='bbox 2714 1018 2735 1049; x_wconf 91' lang='lat'>,</span> <span class='ocrx_word' id='word_1_58' title='bbox 2802 986 2947 1052; x_wconf 66' lang='lat' dir='ltr'>qux</span> <span class='ocrx_word' id='word_1_59' title='bbox 3000 960 3195 1028; x_wconf 83' lang='lat' dir='ltr'>valde</span> <span class='ocrx_word' id='word_1_60' title='bbox 3248 960 3520 1029; x_wconf 82' lang='lat' dir='ltr'>breviter</span> <span class='ocrx_word' id='word_1_61' title='bbox 3575 985 3613 1029; x_wconf 83' lang='lat' dir='ltr'>a</span> <span class='ocrx_word' id='word_1_62' title='bbox 3666 984 3729 1030; x_wconf 86' lang='lat' dir='ltr'>te</span> <span class='ocrx_word' id='word_1_63' title='bbox 3774 1018 3791 1051; x_wconf 91' lang='lat'>,</span> <span class='ocrx_word' id='word_1_64' title='bbox 3844 969 4037 1037; x_wconf 75' lang='lat' dir='ltr'>Cras·</span> 
     </span>
     <span class='ocr_line' id='line_1_7' title="bbox 1044 1063 4036 1159; baseline -0.005 -20"><span class='ocrx_word' id='word_1_65' title='bbox 1044 1073 1110 1140; x_wconf 86' lang='lat' dir='ltr'>se</span> <span class='ocrx_word' id='word_1_66' title='bbox 1149 1126 1170 1159; x_wconf 92' lang='lat'>,</span> <span class='ocrx_word' id='word_1_67' title='bbox 1217 1072 1298 1137; x_wconf 93' lang='lat' dir='ltr'>de</span> <span class='ocrx_word' id='word_1_68' title='bbox 1351 1070 1484 1158; x_wconf 83' lang='lat' dir='ltr'>ipsa</span> <span class='ocrx_word' id='word_1_69' title='bbox 1536 1085 1670 1135; x_wconf 86' lang='lat' dir='ltr'>arte</span> <span class='ocrx_word' id='word_1_70' title='bbox 1719 1063 2022 1155; x_wconf 87' lang='lat' dir='ltr'>percursa</span> <span class='ocrx_word' id='word_1_71' title='bbox 2075 1064 2225 1134; x_wconf 91' lang='lat' dir='ltr'>sunt</span> <span class='ocrx_word' id='word_1_72' title='bbox 2266 1116 2287 1150; x_wconf 94' lang='lat'>,</span> <span class='ocrx_word' id='word_1_73' title='bbox 2354 1086 2512 1130; x_wconf 85' lang='lat' dir='ltr'>cum</span> <span class='ocrx_word' id='word_1_74' title='bbox 2568 1064 2682 1130; x_wconf 88' lang='lat' dir='ltr'>illa</span> <span class='ocrx_word' id='word_1_75' title='bbox 2734 1080 2798 1129; x_wconf 92' lang='lat' dir='ltr'>te</span> <span class='ocrx_word' id='word_1_76' title='bbox 2852 1067 2924 1132; x_wconf 87' lang='lat'>&amp;</span> <span class='ocrx_word' id='word_1_77' title='bbox 2980 1082 3113 1129; x_wconf 89' lang='lat' dir='ltr'>non</span> <span class='ocrx_word' id='word_1_78' title='bbox 3169 1081 3591 1131; x_wconf 85' lang='lat' dir='ltr'><strong>contemnere</strong></span> <span class='ocrx_word' id='word_1_79' title='bbox 3636 1120 3655 1150; x_wconf 91' lang='lat'>,</span> <span class='ocrx_word' id='word_1_80' title='bbox 3736 1073 3805 1136; x_wconf 62' lang='grc' dir='ltr'>ὃς</span> <span class='ocrx_word' id='word_1_81' title='bbox 3868 1070 4036 1137; x_wconf 74' lang='lat' dir='ltr'>didi.</span> 
     </span>
     <span class='ocr_line' id='line_1_8' title="bbox 1040 1164 4037 1255; baseline -0.001 -14"><span class='ocrx_word' id='word_1_82' title='bbox 1040 1172 1206 1242; x_wconf 77' lang='lat' dir='ltr'>cisse</span> <span class='ocrx_word' id='word_1_83' title='bbox 1251 1170 1673 1242; x_wconf 87' lang='lat' dir='ltr'>confiterere.</span> <span class='ocrx_word' id='word_1_84' title='bbox 1731 1170 1825 1233; x_wconf 89' lang='lat' dir='ltr'>Ea</span> <span class='ocrx_word' id='word_1_85' title='bbox 1877 1168 1924 1234; x_wconf 87' lang='lat' dir='ltr'>fi</span> <span class='ocrx_word' id='word_1_86' title='bbox 1977 1166 2174 1255; x_wconf 85' lang='lat' dir='ltr'>paulo</span> <span class='ocrx_word' id='word_1_87' title='bbox 2227 1166 2425 1231; x_wconf 86' lang='lat' dir='ltr'>latius</span> <span class='ocrx_word' id='word_1_88' title='bbox 2476 1164 2721 1233; x_wconf 83' lang='lat' dir='ltr'>dixeris</span> <span class='ocrx_word' id='word_1_89' title='bbox 2759 1219 2779 1250; x_wconf 92' lang='lat'>,</span> <span class='ocrx_word' id='word_1_90' title='bbox 2829 1164 3115 1252; x_wconf 82' lang='lat' dir='ltr'>expleris</span> <span class='ocrx_word' id='word_1_91' title='bbox 3166 1186 3438 1233; x_wconf 87' lang='lat' dir='ltr'>omnem</span> <span class='ocrx_word' id='word_1_92' title='bbox 3488 1167 4037 1255; x_wconf 55' lang='lat' dir='ltr'>expet-stationem</span> 
     </span>
     <span class='ocr_line' id='line_1_9' title="bbox 1036 1263 4036 1357; baseline -0.003 -16"><span class='ocrx_word' id='word_1_93' title='bbox 1036 1270 1331 1341; x_wconf 81' lang='lat' dir='ltr'>&#39;diuturni</span> <span class='ocrx_word' id='word_1_94' title='bbox 1381 1268 1667 1337; x_wconf 83' lang='lat' dir='ltr'>defiderii</span> <span class='ocrx_word' id='word_1_95' title='bbox 1717 1267 1977 1335; x_wconf 87' lang='lat' dir='ltr'>nostri.</span> <span class='ocrx_word' id='word_1_96' title='bbox 2029 1274 2211 1336; x_wconf 88' lang='lat' dir='ltr'>Nam</span> <span class='ocrx_word' id='word_1_97' title='bbox 2263 1289 2439 1333; x_wconf 90' lang='lat' dir='ltr'>nunc</span> <span class='ocrx_word' id='word_1_98' title='bbox 2483 1317 2503 1352; x_wconf 88' lang='lat'>,</span> <span class='ocrx_word' id='word_1_99' title='bbox 2552 1266 2788 1356; x_wconf 85' lang='lat' dir='ltr'>quibus</span> <span class='ocrx_word' id='word_1_100' title='bbox 2843 1263 3236 1333; x_wconf 74' lang='lat' dir='ltr'>studendum</span> <span class='ocrx_word' id='word_1_101' title='bbox 3291 1265 3486 1333; x_wconf 80' lang='lat' dir='ltr'>rebus</span> <span class='ocrx_word' id='word_1_102' title='bbox 3540 1267 3707 1335; x_wconf 87' lang='lat' dir='ltr'>esset</span> <span class='ocrx_word' id='word_1_103' title='bbox 3774 1326 3793 1357; x_wconf 90' lang='lat'>,</span> <span class='ocrx_word' id='word_1_104' title='bbox 3846 1295 4036 1341; x_wconf 85' lang='lat' dir='ltr'>acce-</span> 
     </span>
     <span class='ocr_line' id='line_1_10' title="bbox 1037 1368 4035 1461; baseline 0.001 -24"><span class='ocrx_word' id='word_1_105' title='bbox 1037 1373 1295 1461; x_wconf 74' lang='lat' dir='ltr'>pimuS,</span> <span class='ocrx_word' id='word_1_106' title='bbox 1344 1370 1522 1459; x_wconf 90' lang='lat' dir='ltr'>quod</span> <span class='ocrx_word' id='word_1_107' title='bbox 1574 1368 1790 1458; x_wconf 88' lang='lat' dir='ltr'>ipsum</span> <span class='ocrx_word' id='word_1_108' title='bbox 1843 1368 1934 1436; x_wconf 91' lang='lat' dir='ltr'>est</span> <span class='ocrx_word' id='word_1_109' title='bbox 1984 1385 2209 1436; x_wconf 89' lang='lat' dir='ltr'>tamen</span> <span class='ocrx_word' id='word_1_110' title='bbox 2261 1390 2639 1461; x_wconf 82' lang='lat' dir='ltr'>magnum3</span> <span class='ocrx_word' id='word_1_111' title='bbox 2690 1369 2797 1436; x_wconf 87' lang='lat' dir='ltr'>sed</span> <span class='ocrx_word' id='word_1_112' title='bbox 2852 1369 2992 1435; x_wconf 86' lang='lat' dir='ltr'>vias</span> <span class='ocrx_word' id='word_1_113' title='bbox 3044 1386 3283 1433; x_wconf 88' lang='lat' dir='ltr'>earum</span> <span class='ocrx_word' id='word_1_114' title='bbox 3337 1389 3609 1455; x_wconf 84' lang='lat' dir='ltr'>rerum,</span> <span class='ocrx_word' id='word_1_115' title='bbox 3662 1376 4035 1441; x_wconf 88' lang='lat' dir='ltr'>rationem-</span> 
     </span>
     <span class='ocr_line' id='line_1_11' title="bbox 1039 1468 1996 1561; baseline -0.005 -20"><span class='ocrx_word' id='word_1_116' title='bbox 1039 1493 1168 1561; x_wconf 88' lang='lat' dir='ltr'>que</span> <span class='ocrx_word' id='word_1_117' title='bbox 1217 1473 1522 1558; x_wconf 88' lang='lat' dir='ltr'>cupimus</span> <span class='ocrx_word' id='word_1_118' title='bbox 1558 1468 1996 1559; x_wconf 87' lang='lat' dir='ltr'><strong>cognoscere.</strong></span> 
     </span>
    </p>

    <p class='ocr_par' dir='ltr' id='par_1_4' title="bbox 1038 1561 4040 2468">
     <span class='ocr_line' id='line_1_12' title="bbox 1141 1561 4037 1663; baseline 0.002 -26"><span class='ocrx_word' id='word_1_119' title='bbox 1141 1571 1318 1657; x_wconf 84' lang='lat' dir='ltr'>Qid</span> <span class='ocrx_word' id='word_1_120' title='bbox 1369 1573 1416 1639; x_wconf 86' lang='lat' dir='ltr'><strong>fi</strong></span> <span class='ocrx_word' id='word_1_121' title='bbox 1454 1625 1476 1657; x_wconf 94' lang='lat'>,</span> <span class='ocrx_word' id='word_1_122' title='bbox 1521 1572 1731 1660; x_wconf 87' lang='lat' dir='ltr'>inquit</span> <span class='ocrx_word' id='word_1_123' title='bbox 1781 1570 2050 1638; x_wconf 87' lang='lat' dir='ltr'>Crassus</span> <span class='ocrx_word' id='word_1_124' title='bbox 2083 1622 2104 1657; x_wconf 94' lang='lat'>,</span> <span class='ocrx_word' id='word_1_125' title='bbox 2157 1574 2477 1661; x_wconf 86' lang='lat' dir='ltr'>quoniam</span> <span class='ocrx_word' id='word_1_126' title='bbox 2528 1594 2653 1661; x_wconf 84' lang='lat' dir='ltr'>ego</span> <span class='ocrx_word' id='word_1_127' title='bbox 2695 1627 2714 1659; x_wconf 92' lang='lat'>,</span> <span class='ocrx_word' id='word_1_128' title='bbox 2768 1592 2903 1663; x_wconf 92' lang='lat' dir='ltr'>quo</span> <span class='ocrx_word' id='word_1_129' title='bbox 2956 1571 3225 1638; x_wconf 86' lang='lat' dir='ltr'>facilius</span> <span class='ocrx_word' id='word_1_130' title='bbox 3280 1590 3396 1634; x_wconf 87' lang='lat' dir='ltr'>vos</span> <span class='ocrx_word' id='word_1_131' title='bbox 3450 1570 3629 1656; x_wconf 88' lang='lat' dir='ltr'>apud</span> <span class='ocrx_word' id='word_1_132' title='bbox 3685 1593 3793 1639; x_wconf 87' lang='lat' dir='ltr'>me</span> <span class='ocrx_word' id='word_1_133' title='bbox 3844 1561 4037 1661; x_wconf 70' lang='lat' dir='ltr'>tene-</span> 
     </span>
     <span class='ocr_line' id='line_1_13' title="bbox 1038 1670 4037 1763; baseline 0 -22"><span class='ocrx_word' id='word_1_134' title='bbox 1038 1695 1184 1743; x_wconf 88' lang='lat' dir='ltr'>rem</span> <span class='ocrx_word' id='word_1_135' title='bbox 1223 1725 1244 1760; x_wconf 88' lang='lat'>,</span> <span class='ocrx_word' id='word_1_136' title='bbox 1313 1672 1531 1740; x_wconf 87' lang='lat' dir='ltr'>vestrae</span> <span class='ocrx_word' id='word_1_137' title='bbox 1583 1674 1799 1760; x_wconf 87' lang='lat' dir='ltr'>potius</span> <span class='ocrx_word' id='word_1_138' title='bbox 1845 1672 2193 1744; x_wconf 88' lang='lat' dir='ltr'>obsecutus</span> <span class='ocrx_word' id='word_1_139' title='bbox 2250 1674 2393 1741; x_wconf 89' lang='lat' dir='ltr'>sum</span> <span class='ocrx_word' id='word_1_140' title='bbox 2448 1670 2832 1758; x_wconf 80' lang='lat' dir='ltr'>voluntati,</span> <span class='ocrx_word' id='word_1_141' title='bbox 2902 1694 3109 1763; x_wconf 86' lang='lat' dir='ltr'>quam</span> <span class='ocrx_word' id='word_1_142' title='bbox 3184 1688 3297 1735; x_wconf 89' lang='lat' dir='ltr'>aut</span> <span class='ocrx_word' id='word_1_143' title='bbox 3368 1670 3834 1741; x_wconf 76' lang='lat' dir='ltr'>consuetudini</span> <span class='ocrx_word' id='word_1_144' title='bbox 3911 1691 4037 1743; x_wconf 89' lang='lat' dir='ltr'>aut</span> 
     </span>
     <span class='ocr_line' id='line_1_14' title="bbox 1040 1773 4040 1863; baseline 0 -21"><span class='ocrx_word' id='word_1_145' title='bbox 1040 1792 1299 1843; x_wconf 74' lang='lat' dir='ltr'>naturae</span> <span class='ocrx_word' id='word_1_146' title='bbox 1350 1795 1549 1859; x_wconf 81' lang='lat' dir='ltr'>meae,</span> <span class='ocrx_word' id='word_1_147' title='bbox 1599 1777 1882 1862; x_wconf 79' lang='lat' dir='ltr'>petimus</span> <span class='ocrx_word' id='word_1_148' title='bbox 1937 1779 2016 1841; x_wconf 89' lang='lat' dir='ltr'>ab</span> <span class='ocrx_word' id='word_1_149' title='bbox 2075 1780 2399 1862; x_wconf 87' lang='lat' dir='ltr'>Antoni0,</span> <span class='ocrx_word' id='word_1_150' title='bbox 2448 1794 2520 1843; x_wconf 91' lang='lat' dir='ltr'>ut</span> <span class='ocrx_word' id='word_1_151' title='bbox 2572 1796 2692 1859; x_wconf 88' lang='lat' dir='ltr'>ea,</span> <span class='ocrx_word' id='word_1_152' title='bbox 2745 1798 2889 1863; x_wconf 69' lang='lat' dir='ltr'>quse</span> <span class='ocrx_word' id='word_1_153' title='bbox 2942 1778 3278 1857; x_wconf 82' lang='lat' dir='ltr'>continet,</span> <span class='ocrx_word' id='word_1_154' title='bbox 3335 1794 3545 1861; x_wconf 82' lang='lat' dir='ltr'>neque</span> <span class='ocrx_word' id='word_1_155' title='bbox 3602 1773 3815 1843; x_wconf 80' lang='lat' dir='ltr'>adhuc</span> <span class='ocrx_word' id='word_1_156' title='bbox 3875 1797 4040 1863; x_wconf 89' lang='lat' dir='ltr'>pro-</span> 
     </span>
     <span class='ocr_line' id='line_1_15' title="bbox 1042 1874 4039 1965; baseline 0 -24"><span class='ocrx_word' id='word_1_157' title='bbox 1042 1878 1196 1942; x_wconf 90' lang='lat' dir='ltr'>tulit</span> <span class='ocrx_word' id='word_1_158' title='bbox 1234 1927 1254 1960; x_wconf 94' lang='lat'>,</span> <span class='ocrx_word' id='word_1_159' title='bbox 1323 1895 1406 1941; x_wconf 89' lang='lat' dir='ltr'>ex</span> <span class='ocrx_word' id='word_1_160' title='bbox 1473 1876 1707 1965; x_wconf 82' lang='lat' dir='ltr'>quibus</span> <span class='ocrx_word' id='word_1_161' title='bbox 1759 1900 1974 1944; x_wconf 84' lang='lat' dir='ltr'>unum</span> <span class='ocrx_word' id='word_1_162' title='bbox 2027 1875 2327 1943; x_wconf 89' lang='lat' dir='ltr'>libellum</span> <span class='ocrx_word' id='word_1_163' title='bbox 2386 1877 2493 1941; x_wconf 76' lang='lat' dir='ltr'>fibi</span> <span class='ocrx_word' id='word_1_164' title='bbox 2544 1875 2860 1942; x_wconf 84' lang='lat' dir='ltr'>excidisse</span> <span class='ocrx_word' id='word_1_165' title='bbox 2918 1875 3311 1952; x_wconf 59' lang='lat' dir='ltr'>jamdudum</span> <span class='ocrx_word' id='word_1_166' title='bbox 3372 1874 3631 1961; x_wconf 85' lang='lat' dir='ltr'>questus</span> <span class='ocrx_word' id='word_1_167' title='bbox 3688 1878 3777 1941; x_wconf 80' lang='lat' dir='ltr'>est</span> <span class='ocrx_word' id='word_1_168' title='bbox 3824 1929 3845 1962; x_wconf 94' lang='lat'>,</span> <span class='ocrx_word' id='word_1_169' title='bbox 3914 1898 4039 1943; x_wconf 89' lang='lat' dir='ltr'>ex-</span> 
     </span>
     <span class='ocr_line' id='line_1_16' title="bbox 1041 1974 4037 2067; baseline 0.001 -24"><span class='ocrx_word' id='word_1_170' title='bbox 1041 1978 1238 2065; x_wconf 84' lang='lat' dir='ltr'>plicet</span> <span class='ocrx_word' id='word_1_171' title='bbox 1291 1974 1474 2045; x_wconf 89' lang='lat' dir='ltr'>nobis</span> <span class='ocrx_word' id='word_1_172' title='bbox 1514 2028 1537 2062; x_wconf 96' lang='lat'>,</span> <span class='ocrx_word' id='word_1_173' title='bbox 1604 1980 1671 2045; x_wconf 87' lang='lat'>&amp;</span> <span class='ocrx_word' id='word_1_174' title='bbox 1731 1977 1850 2044; x_wconf 87' lang='lat' dir='ltr'>illa</span> <span class='ocrx_word' id='word_1_175' title='bbox 1899 1976 2160 2045; x_wconf 86' lang='lat' dir='ltr'>dicendi</span> <span class='ocrx_word' id='word_1_176' title='bbox 2220 1976 2529 2061; x_wconf 88' lang='lat' dir='ltr'>mysteria</span> <span class='ocrx_word' id='word_1_177' title='bbox 2578 1977 2944 2045; x_wconf 77' lang='lat' dir='ltr'><strong>enuntiet?</strong></span> <span class='ocrx_word' id='word_1_178' title='bbox 3020 1978 3112 2040; x_wconf 91' lang='lat' dir='ltr'>Ut</span> <span class='ocrx_word' id='word_1_179' title='bbox 3168 1975 3420 2044; x_wconf 82' lang='lat' dir='ltr'>videtur</span> <span class='ocrx_word' id='word_1_180' title='bbox 3460 2030 3482 2058; x_wconf 86' lang='lat'>,</span> <span class='ocrx_word' id='word_1_181' title='bbox 3550 1977 3761 2063; x_wconf 89' lang='lat' dir='ltr'>inquit</span> <span class='ocrx_word' id='word_1_182' title='bbox 3814 1978 4037 2067; x_wconf 84' lang='lat' dir='ltr'>Sulpi·</span> 
     </span>
     <span class='ocr_line' id='line_1_17' title="bbox 1041 2075 4032 2168; baseline 0.001 -24"><span class='ocrx_word' id='word_1_183' title='bbox 1041 2079 1218 2145; x_wconf 84' lang='lat' dir='ltr'>cius.</span> <span class='ocrx_word' id='word_1_184' title='bbox 1275 2080 1455 2143; x_wconf 88' lang='lat' dir='ltr'>Nam</span> <span class='ocrx_word' id='word_1_185' title='bbox 1509 2080 1803 2143; x_wconf 88' lang='lat' dir='ltr'>Antonio</span> <span class='ocrx_word' id='word_1_186' title='bbox 1851 2080 2154 2165; x_wconf 87' lang='lat' dir='ltr'>dicente,</span> <span class='ocrx_word' id='word_1_187' title='bbox 2204 2078 2411 2145; x_wconf 83' lang='lat' dir='ltr'>etiam</span> <span class='ocrx_word' id='word_1_188' title='bbox 2462 2078 2621 2167; x_wconf 88' lang='lat' dir='ltr'>quid</span> <span class='ocrx_word' id='word_1_189' title='bbox 2675 2096 2753 2144; x_wconf 90' lang='lat' dir='ltr'>tu</span> <span class='ocrx_word' id='word_1_190' title='bbox 2808 2077 3187 2165; x_wconf 70' lang='lat' dir='ltr'>intelligas,</span> <span class='ocrx_word' id='word_1_191' title='bbox 3241 2075 3637 2143; x_wconf 86' lang='lat' dir='ltr'>sentiemus.</span> <span class='ocrx_word' id='word_1_192' title='bbox 3694 2081 3853 2145; x_wconf 87' lang='lat' dir='ltr'>Peto</span> <span class='ocrx_word' id='word_1_193' title='bbox 3904 2082 4032 2168; x_wconf 86' lang='lat' dir='ltr'>igi-</span> 
     </span>
     <span class='ocr_line' id='line_1_18' title="bbox 1040 2178 4027 2270; baseline 0.001 -26"><span class='ocrx_word' id='word_1_194' title='bbox 1040 2195 1192 2262; x_wconf 87' lang='lat' dir='ltr'>tur,</span> <span class='ocrx_word' id='word_1_195' title='bbox 1239 2179 1453 2265; x_wconf 88' lang='lat' dir='ltr'>inquit</span> <span class='ocrx_word' id='word_1_196' title='bbox 1507 2178 1783 2247; x_wconf 83' lang='lat' dir='ltr'>Crassus</span> <span class='ocrx_word' id='word_1_197' title='bbox 1816 2230 1839 2261; x_wconf 89' lang='lat'>‚</span> <span class='ocrx_word' id='word_1_198' title='bbox 1889 2200 1929 2245; x_wconf 90' lang='lat' dir='ltr'>a</span> <span class='ocrx_word' id='word_1_199' title='bbox 1981 2198 2044 2245; x_wconf 88' lang='lat' dir='ltr'>te</span> <span class='ocrx_word' id='word_1_200' title='bbox 2084 2233 2102 2263; x_wconf 90' lang='lat'>,</span> <span class='ocrx_word' id='word_1_201' title='bbox 2151 2183 2471 2270; x_wconf 83' lang='lat' dir='ltr'>quoniam</span> <span class='ocrx_word' id='word_1_202' title='bbox 2526 2180 2585 2243; x_wconf 82' lang='lat' dir='ltr'>id</span> <span class='ocrx_word' id='word_1_203' title='bbox 2642 2178 2827 2245; x_wconf 79' lang='lat' dir='ltr'>nobis</span> <span class='ocrx_word' id='word_1_204' title='bbox 2866 2231 2885 2264; x_wconf 99' lang='lat'>,</span> <span class='ocrx_word' id='word_1_205' title='bbox 2940 2180 3191 2243; x_wconf 85' lang='lat' dir='ltr'><strong>Antoni</strong></span> <span class='ocrx_word' id='word_1_206' title='bbox 3248 2230 3269 2261; x_wconf 92' lang='lat'>,</span> <span class='ocrx_word' id='word_1_207' title='bbox 3321 2179 3699 2244; x_wconf 85' lang='lat' dir='ltr'>hominibus</span> <span class='ocrx_word' id='word_1_208' title='bbox 3756 2179 3819 2245; x_wconf 85' lang='lat' dir='ltr'>id</span> <span class='ocrx_word' id='word_1_209' title='bbox 3874 2198 4027 2249; x_wconf 85' lang='lat' dir='ltr'>aeta-</span> 
     </span>
     <span class='ocr_line' id='line_1_19' title="bbox 1041 2278 4026 2369; baseline 0.001 -24"><span class='ocrx_word' id='word_1_210' title='bbox 1041 2282 1166 2365; x_wconf 88' lang='lat' dir='ltr'>tis,</span> <span class='ocrx_word' id='word_1_211' title='bbox 1209 2280 1432 2346; x_wconf 87' lang='lat' dir='ltr'>oneris</span> <span class='ocrx_word' id='word_1_212' title='bbox 1485 2278 1564 2345; x_wconf 86' lang='lat' dir='ltr'>ab</span> <span class='ocrx_word' id='word_1_213' title='bbox 1611 2282 1854 2347; x_wconf 82' lang='lat' dir='ltr'>horum</span> <span class='ocrx_word' id='word_1_214' title='bbox 1905 2280 2419 2347; x_wconf 79' lang='lat' dir='ltr'>adolescentium</span> <span class='ocrx_word' id='word_1_215' title='bbox 2472 2279 2692 2345; x_wconf 86' lang='lat' dir='ltr'>studiis</span> <span class='ocrx_word' id='word_1_216' title='bbox 2750 2282 3153 2365; x_wconf 83' lang='lat' dir='ltr'>imponitur,</span> <span class='ocrx_word' id='word_1_217' title='bbox 3206 2295 3277 2345; x_wconf 92' lang='lat' dir='ltr'>ut</span> <span class='ocrx_word' id='word_1_218' title='bbox 3330 2299 3619 2368; x_wconf 82' lang='lat' dir='ltr'>exponas</span> <span class='ocrx_word' id='word_1_219' title='bbox 3662 2332 3682 2365; x_wconf 91' lang='lat'>,</span> <span class='ocrx_word' id='word_1_220' title='bbox 3736 2282 3891 2369; x_wconf 91' lang='lat' dir='ltr'>quid</span> <span class='ocrx_word' id='word_1_221' title='bbox 3942 2283 4026 2349; x_wconf 88' lang='lat' dir='ltr'>iis</span> 
     </span>
     <span class='ocr_line' id='line_1_20' title="bbox 1042 2376 2695 2468; baseline -0.004 -21"><span class='ocrx_word' id='word_1_222' title='bbox 1042 2382 1128 2447; x_wconf 87' lang='lat' dir='ltr'>de</span> <span class='ocrx_word' id='word_1_223' title='bbox 1179 2380 1411 2463; x_wconf 89' lang='lat' dir='ltr'>rebus,</span> <span class='ocrx_word' id='word_1_224' title='bbox 1463 2400 1624 2468; x_wconf 88' lang='lat' dir='ltr'>quas</span> <span class='ocrx_word' id='word_1_225' title='bbox 1673 2402 1709 2446; x_wconf 91' lang='lat' dir='ltr'>a</span> <span class='ocrx_word' id='word_1_226' title='bbox 1766 2397 1828 2446; x_wconf 87' lang='lat' dir='ltr'>te</span> <span class='ocrx_word' id='word_1_227' title='bbox 1881 2384 2080 2467; x_wconf 80' lang='lat' dir='ltr'>quaeri</span> <span class='ocrx_word' id='word_1_228' title='bbox 2137 2382 2368 2463; x_wconf 73' lang='lat' dir='ltr'>videS,</span> <span class='ocrx_word' id='word_1_229' title='bbox 2422 2376 2695 2443; x_wconf 88' lang='lat' dir='ltr'>sentias.</span> 
     </span>
    </p>

    <p class='ocr_par' dir='ltr' id='par_1_5' title="bbox 1036 2478 4037 3069">
     <span class='ocr_line' id='line_1_21' title="bbox 1141 2478 4014 2572; baseline 0.002 -27"><span class='ocrx_word' id='word_1_230' title='bbox 1141 2484 1464 2546; x_wconf 83' lang='lat' dir='ltr'><strong>XLVIII.</strong></span> <span class='ocrx_word' id='word_1_231' title='bbox 1517 2478 2008 2565; x_wconf 86' lang='lat' dir='ltr'>Deprehensum</span> <span class='ocrx_word' id='word_1_232' title='bbox 2059 2480 2367 2565; x_wconf 84' lang='lat' dir='ltr'>equidem</span> <span class='ocrx_word' id='word_1_233' title='bbox 2424 2498 2529 2543; x_wconf 89' lang='lat' dir='ltr'>me</span> <span class='ocrx_word' id='word_1_234' title='bbox 2572 2530 2591 2560; x_wconf 91' lang='lat'>,</span> <span class='ocrx_word' id='word_1_235' title='bbox 2644 2479 2859 2567; x_wconf 86' lang='lat' dir='ltr'>inquit</span> <span class='ocrx_word' id='word_1_236' title='bbox 2920 2484 3251 2550; x_wconf 84' lang='lat' dir='ltr'>Antonius</span> <span class='ocrx_word' id='word_1_237' title='bbox 3290 2536 3311 2568; x_wconf 95' lang='lat'>,</span> <span class='ocrx_word' id='word_1_238' title='bbox 3364 2484 3559 2572; x_wconf 90' lang='lat' dir='ltr'>plane</span> <span class='ocrx_word' id='word_1_239' title='bbox 3630 2482 3855 2552; x_wconf 85' lang='lat' dir='ltr'>video&#39;</span> <span class='ocrx_word' id='word_1_240' title='bbox 3910 2500 4014 2551; x_wconf 84' lang='lat' dir='ltr'>at-</span> 
     </span>
     <span class='ocr_line' id='line_1_22' title="bbox 1038 2574 4028 2675; baseline 0.004 -34"><span class='ocrx_word' id='word_1_241' title='bbox 1038 2598 1168 2665; x_wconf 85' lang='lat' dir='ltr'>que</span> <span class='ocrx_word' id='word_1_242' title='bbox 1225 2574 1427 2640; x_wconf 85' lang='lat' dir='ltr'>sentio</span> <span class='ocrx_word' id='word_1_243' title='bbox 1466 2627 1487 2658; x_wconf 95' lang='lat'>,</span> <span class='ocrx_word' id='word_1_244' title='bbox 1557 2599 1692 2643; x_wconf 88' lang='lat' dir='ltr'>non</span> <span class='ocrx_word' id='word_1_245' title='bbox 1748 2576 1962 2643; x_wconf 88' lang='lat' dir='ltr'>solum</span> <span class='ocrx_word' id='word_1_246' title='bbox 2011 2574 2189 2666; x_wconf 85' lang='lat' dir='ltr'>quod</span> <span class='ocrx_word' id='word_1_247' title='bbox 2240 2598 2315 2643; x_wconf 87' lang='lat' dir='ltr'>ea</span> <span class='ocrx_word' id='word_1_248' title='bbox 2368 2582 2799 2672; x_wconf 79' lang='lat' dir='ltr'>requiruntur</span> <span class='ocrx_word' id='word_1_249' title='bbox 2852 2602 2890 2647; x_wconf 87' lang='lat' dir='ltr'>a</span> <span class='ocrx_word' id='word_1_250' title='bbox 2942 2605 3051 2651; x_wconf 88' lang='lat' dir='ltr'>me</span> <span class='ocrx_word' id='word_1_251' title='bbox 3089 2637 3112 2670; x_wconf 94' lang='lat'>,</span> <span class='ocrx_word' id='word_1_252' title='bbox 3180 2604 3467 2675; x_wconf 88' lang='lat' dir='ltr'>quorum</span> <span class='ocrx_word' id='word_1_253' title='bbox 3543 2584 3688 2653; x_wconf 87' lang='lat' dir='ltr'>sum</span> <span class='ocrx_word' id='word_1_254' title='bbox 3741 2586 4028 2675; x_wconf 84' lang='lat' dir='ltr'>ignarus</span> 
     </span>
     <span class='ocr_line' id='line_1_23' title="bbox 1037 2674 4037 2773; baseline 0.004 -33"><span class='ocrx_word' id='word_1_255' title='bbox 1037 2692 1234 2762; x_wconf 84' lang='lat' dir='ltr'>atque</span> <span class='ocrx_word' id='word_1_256' title='bbox 1284 2674 1613 2762; x_wconf 85' lang='lat' dir='ltr'>insolens,</span> <span class='ocrx_word' id='word_1_257' title='bbox 1666 2675 1770 2741; x_wconf 87' lang='lat' dir='ltr'>sed</span> <span class='ocrx_word' id='word_1_258' title='bbox 1825 2681 2020 2763; x_wconf 84' lang='lat' dir='ltr'>quia,</span> <span class='ocrx_word' id='word_1_259' title='bbox 2072 2679 2250 2765; x_wconf 84' lang='lat' dir='ltr'>quod</span> <span class='ocrx_word' id='word_1_260' title='bbox 2303 2680 2373 2744; x_wconf 90' lang='lat' dir='ltr'>in</span> <span class='ocrx_word' id='word_1_261' title='bbox 2426 2680 2638 2745; x_wconf 79' lang='lat' dir='ltr'>causts</span> <span class='ocrx_word' id='word_1_262' title='bbox 2696 2681 2883 2747; x_wconf 85' lang='lat' dir='ltr'>valde</span> <span class='ocrx_word' id='word_1_263' title='bbox 2940 2685 3171 2771; x_wconf 88' lang='lat' dir='ltr'>fugere</span> <span class='ocrx_word' id='word_1_264' title='bbox 3230 2687 3449 2773; x_wconf 89' lang='lat' dir='ltr'>sole0,</span> <span class='ocrx_word' id='word_1_265' title='bbox 3504 2709 3587 2754; x_wconf 90' lang='lat' dir='ltr'>ne</span> <span class='ocrx_word' id='word_1_266' title='bbox 3626 2684 3779 2771; x_wconf 86' lang='lat' dir='ltr'>tibi,</span> <span class='ocrx_word' id='word_1_267' title='bbox 3830 2688 4037 2755; x_wconf 71' lang='lat' dir='ltr'>cralt-</span> 
     </span>
     <span class='ocr_line' id='line_1_24' title="bbox 1039 2772 4025 2870; baseline 0.005 -29"><span class='ocrx_word' id='word_1_268' title='bbox 1039 2774 1130 2859; x_wconf 87' lang='lat' dir='ltr'>se,</span> <span class='ocrx_word' id='word_1_269' title='bbox 1196 2772 1579 2862; x_wconf 82' lang='lat' dir='ltr'>succedam,</span> <span class='ocrx_word' id='word_1_270' title='bbox 1629 2774 1694 2841; x_wconf 89' lang='lat' dir='ltr'>id</span> <span class='ocrx_word' id='word_1_271' title='bbox 1747 2796 1852 2841; x_wconf 89' lang='lat' dir='ltr'>me</span> <span class='ocrx_word' id='word_1_272' title='bbox 1907 2799 2085 2844; x_wconf 89' lang='lat' dir='ltr'>nunc</span> <span class='ocrx_word' id='word_1_273' title='bbox 2140 2778 2235 2847; x_wconf 88' lang='lat' dir='ltr'>isti</span> <span class='ocrx_word' id='word_1_274' title='bbox 2286 2778 2495 2845; x_wconf 87' lang='lat' dir='ltr'>vitare</span> <span class='ocrx_word' id='word_1_275' title='bbox 2552 2802 2687 2845; x_wconf 89' lang='lat' dir='ltr'>non</span> <span class='ocrx_word' id='word_1_276' title='bbox 2748 2780 3003 2845; x_wconf 82' lang='lat' dir='ltr'>linunt.</span> <span class='ocrx_word' id='word_1_277' title='bbox 3059 2787 3323 2850; x_wconf 85' lang='lat' dir='ltr'>Verum</span> <span class='ocrx_word' id='word_1_278' title='bbox 3362 2788 3485 2849; x_wconf 88' lang='lat' dir='ltr'>hoc</span> <span class='ocrx_word' id='word_1_279' title='bbox 3527 2788 3867 2870; x_wconf 86' lang='lat' dir='ltr'>ingrediar</span> <span class='ocrx_word' id='word_1_280' title='bbox 3932 2790 4025 2856; x_wconf 87' lang='lat' dir='ltr'>ad</span> 
     </span>
     <span class='ocr_line' id='line_1_25' title="bbox 1037 2878 4035 2965; baseline 0.004 -24"><span class='ocrx_word' id='word_1_281' title='bbox 1037 2896 1154 2959; x_wconf 87' lang='lat' dir='ltr'>ea,</span> <span class='ocrx_word' id='word_1_282' title='bbox 1203 2899 1342 2963; x_wconf 80' lang='lat' dir='ltr'>quae</span> <span class='ocrx_word' id='word_1_283' title='bbox 1396 2878 1645 2962; x_wconf 89' lang='lat' dir='ltr'>vultis,</span> <span class='ocrx_word' id='word_1_284' title='bbox 1695 2878 2055 2961; x_wconf 87' lang='lat' dir='ltr'>audacius,</span> <span class='ocrx_word' id='word_1_285' title='bbox 2104 2878 2515 2965; x_wconf 64' lang='lat' dir='ltr'>quod‘idem</span> <span class='ocrx_word' id='word_1_286' title='bbox 2568 2878 2731 2945; x_wconf 85' lang='lat' dir='ltr'>mihi</span> <span class='ocrx_word' id='word_1_287' title='bbox 2788 2878 2965 2964; x_wconf 89' lang='lat' dir='ltr'>spero</span> <span class='ocrx_word' id='word_1_288' title='bbox 3014 2880 3133 2946; x_wconf 89' lang='lat' dir='ltr'>usu</span> <span class='ocrx_word' id='word_1_289' title='bbox 3186 2883 3325 2957; x_wconf 81' lang='lat' dir='ltr'>esse</span> <span class='ocrx_word' id='word_1_290' title='bbox 3371 2900 3727 2949; x_wconf 86' lang='lat' dir='ltr'>venturum</span> <span class='ocrx_word' id='word_1_291' title='bbox 3780 2885 3849 2949; x_wconf 87' lang='lat' dir='ltr'>in</span> <span class='ocrx_word' id='word_1_292' title='bbox 3892 2888 4035 2957; x_wconf 87' lang='lat' dir='ltr'>hac</span> 
     </span>
     <span class='ocr_line' id='line_1_26' title="bbox 1036 2972 4035 3069; baseline 0.003 -27"><span class='ocrx_word' id='word_1_293' title='bbox 1036 2972 1510 3063; x_wconf 81' lang='lat' dir='ltr'>disputatione,</span> <span class='ocrx_word' id='word_1_294' title='bbox 1563 2976 1740 3068; x_wconf 90' lang='lat' dir='ltr'>quod</span> <span class='ocrx_word' id='word_1_295' title='bbox 1790 2977 1860 3045; x_wconf 86' lang='lat' dir='ltr'>in</span> <span class='ocrx_word' id='word_1_296' title='bbox 1910 2976 2183 3046; x_wconf 87' lang='lat' dir='ltr'>dicendo</span> <span class='ocrx_word' id='word_1_297' title='bbox 2234 2979 2443 3065; x_wconf 88' lang='lat' dir='ltr'>solet,</span> <span class='ocrx_word' id='word_1_298' title='bbox 2492 2997 2567 3049; x_wconf 90' lang='lat' dir='ltr'>ut</span> <span class='ocrx_word' id='word_1_299' title='bbox 2622 2979 2813 3047; x_wconf 86' lang='lat' dir='ltr'>nulla</span> <span class='ocrx_word' id='word_1_300' title='bbox 2864 2981 3241 3069; x_wconf 67' lang='lat' dir='ltr'>expestetur</span> <span class='ocrx_word' id='word_1_301' title='bbox 3292 3000 3521 3050; x_wconf 85' lang='lat' dir='ltr'>ornata</span> <span class='ocrx_word' id='word_1_302' title='bbox 3571 2984 3811 3048; x_wconf 82' lang='lat' dir='ltr'>oratio.</span> <span class='ocrx_word' id='word_1_303' title='bbox 3885 2988 4035 3051; x_wconf 88' lang='lat' dir='ltr'>Ne-</span> 
     </span>
    </p>
   </div>
   <div class='ocr_carea' id='block_1_3' title="bbox 1037 3078 4041 3173">
    <p class='ocr_par' dir='ltr' id='par_1_6' title="bbox 1037 3078 4041 3173">
     <span class='ocr_line' id='line_1_27' title="bbox 1037 3078 4041 3173; baseline -0 -28"><span class='ocrx_word' id='word_1_304' title='bbox 1037 3094 1164 3163; x_wconf 84' lang='lat' dir='ltr'>que</span> <span class='ocrx_word' id='word_1_305' title='bbox 1213 3078 1396 3143; x_wconf 91' lang='lat' dir='ltr'>enim</span> <span class='ocrx_word' id='word_1_306' title='bbox 1449 3083 1594 3147; x_wconf 79' lang='lat' dir='ltr'>sum</span> <span class='ocrx_word' id='word_1_307' title='bbox 1649 3081 1727 3145; x_wconf 90' lang='lat' dir='ltr'>de</span> <span class='ocrx_word' id='word_1_308' title='bbox 1775 3098 1912 3147; x_wconf 86' lang='lat' dir='ltr'>arte</span> <span class='ocrx_word' id='word_1_309' title='bbox 1961 3080 2255 3149; x_wconf 72' lang='lat' dir='ltr'>disturus</span> <span class='ocrx_word' id='word_1_310' title='bbox 2294 3136 2313 3170; x_wconf 87' lang='lat'>,</span> <span class='ocrx_word' id='word_1_311' title='bbox 2382 3102 2586 3171; x_wconf 84' lang='lat' dir='ltr'>quam</span> <span class='ocrx_word' id='word_1_312' title='bbox 2642 3103 2987 3173; x_wconf 85' lang='lat' dir='ltr'>nunquam</span> <span class='ocrx_word' id='word_1_313' title='bbox 3041 3082 3294 3170; x_wconf 89' lang='lat' dir='ltr'>didici,</span> <span class='ocrx_word' id='word_1_314' title='bbox 3366 3084 3474 3149; x_wconf 90' lang='lat' dir='ltr'>sed</span> <span class='ocrx_word' id='word_1_315' title='bbox 3528 3085 3609 3150; x_wconf 91' lang='lat' dir='ltr'>de</span> <span class='ocrx_word' id='word_1_316' title='bbox 3661 3101 3809 3149; x_wconf 88' lang='lat' dir='ltr'>mea</span> <span class='ocrx_word' id='word_1_317' title='bbox 3862 3105 4041 3151; x_wconf 81' lang='lat' dir='ltr'>con-</span> 
     </span>
    </p>
   </div>
   <div class='ocr_carea' id='block_1_4' title="bbox 995 3174 4030 5189">
    <p class='ocr_par' dir='ltr' id='par_1_7' title="bbox 1033 3174 4030 3770">
     <span class='ocr_line' id='line_1_28' title="bbox 1039 3174 4030 3273; baseline 0.004 -31"><span class='ocrx_word' id='word_1_318' title='bbox 1039 3174 1445 3270; x_wconf 67' lang='lat' dir='ltr'>1i1etudine3⁴</span> <span class='ocrx_word' id='word_1_319' title='bbox 1487 3181 1746 3272; x_wconf 88' lang='lat' dir='ltr'>ipsaque</span> <span class='ocrx_word' id='word_1_320' title='bbox 1795 3185 1952 3271; x_wconf 89' lang='lat' dir='ltr'>illa,</span> <span class='ocrx_word' id='word_1_321' title='bbox 2001 3207 2142 3273; x_wconf 61' lang='lat' dir='ltr'>qux</span> <span class='ocrx_word' id='word_1_322' title='bbox 2194 3187 2259 3254; x_wconf 88' lang='lat' dir='ltr'>in</span> <span class='ocrx_word' id='word_1_323' title='bbox 2314 3189 2877 3253; x_wconf 85' lang='lat' dir='ltr'>commentarium</span> <span class='ocrx_word' id='word_1_324' title='bbox 2934 3205 3162 3252; x_wconf 89' lang='lat' dir='ltr'>meum</span> <span class='ocrx_word' id='word_1_325' title='bbox 3212 3187 3416 3252; x_wconf 89' lang='lat' dir='ltr'>retuli</span> <span class='ocrx_word' id='word_1_326' title='bbox 3458 3236 3480 3272; x_wconf 92' lang='lat'>,</span> <span class='ocrx_word' id='word_1_327' title='bbox 3531 3183 3680 3250; x_wconf 87' lang='lat' dir='ltr'>sunt</span> <span class='ocrx_word' id='word_1_328' title='bbox 3730 3184 4030 3260; x_wconf 82' lang='lat' dir='ltr'>ejusmo-</span> 
     </span>
     <span class='ocr_line' id='line_1_29' title="bbox 1036 3277 4029 3374; baseline 0.002 -31"><span class='ocrx_word' id='word_1_329' title='bbox 1036 3277 1097 3343; x_wconf 87' lang='lat' dir='ltr'>di</span> <span class='ocrx_word' id='word_1_330' title='bbox 1139 3333 1160 3367; x_wconf 92' lang='lat'>,</span> <span class='ocrx_word' id='word_1_331' title='bbox 1228 3303 1364 3347; x_wconf 89' lang='lat' dir='ltr'>non</span> <span class='ocrx_word' id='word_1_332' title='bbox 1419 3285 1640 3373; x_wconf 86' lang='lat' dir='ltr'>aliqua</span> <span class='ocrx_word' id='word_1_333' title='bbox 1691 3285 1856 3352; x_wconf 86' lang='lat' dir='ltr'>mihi</span> <span class='ocrx_word' id='word_1_334' title='bbox 1905 3285 2201 3354; x_wconf 67' lang='lat' dir='ltr'>doctrina</span> <span class='ocrx_word' id='word_1_335' title='bbox 2252 3283 2493 3352; x_wconf 88' lang='lat' dir='ltr'>tradita</span> <span class='ocrx_word' id='word_1_336' title='bbox 2532 3338 2553 3369; x_wconf 92' lang='lat'>,</span> <span class='ocrx_word' id='word_1_337' title='bbox 2624 3284 2728 3352; x_wconf 89' lang='lat' dir='ltr'>sed</span> <span class='ocrx_word' id='word_1_338' title='bbox 2796 3286 2864 3350; x_wconf 92' lang='lat' dir='ltr'>in</span> <span class='ocrx_word' id='word_1_339' title='bbox 2916 3306 3140 3354; x_wconf 88' lang='lat' dir='ltr'>rerum</span> <span class='ocrx_word' id='word_1_340' title='bbox 3191 3286 3311 3353; x_wconf 90' lang='lat' dir='ltr'>usu</span> <span class='ocrx_word' id='word_1_341' title='bbox 3386 3285 3725 3374; x_wconf 76' lang='lat' dir='ltr'>caulisque</span> <span class='ocrx_word' id='word_1_342' title='bbox 3779 3286 4029 3354; x_wconf 68' lang='lat' dir='ltr'>traEta-</span> 
     </span>
     <span class='ocr_line' id='line_1_30' title="bbox 1037 3383 4018 3475; baseline 0.004 -33"><span class='ocrx_word' id='word_1_343' title='bbox 1037 3396 1102 3444; x_wconf 87' lang='lat' dir='ltr'>ta</span> <span class='ocrx_word' id='word_1_344' title='bbox 1144 3407 1160 3446; x_wconf 91' lang='lat'>:</span> <span class='ocrx_word' id='word_1_345' title='bbox 1230 3406 1372 3471; x_wconf 80' lang='lat' dir='ltr'>quae</span> <span class='ocrx_word' id='word_1_346' title='bbox 1425 3383 1474 3452; x_wconf 87' lang='lat' dir='ltr'>fi</span> <span class='ocrx_word' id='word_1_347' title='bbox 1528 3383 1749 3471; x_wconf 76' lang='lat' dir='ltr'>vobiS‚</span> <span class='ocrx_word' id='word_1_348' title='bbox 1798 3385 2176 3454; x_wconf 86' lang='lat' dir='ltr'>hominibus</span> <span class='ocrx_word' id='word_1_349' title='bbox 2226 3385 2665 3453; x_wconf 86' lang='lat' dir='ltr'>eruditiffimis</span> <span class='ocrx_word' id='word_1_350' title='bbox 2706 3383 2737 3470; x_wconf 77' lang='lat'>,&#39;</span> <span class='ocrx_word' id='word_1_351' title='bbox 2778 3407 2912 3456; x_wconf 90' lang='lat' dir='ltr'>non</span> <span class='ocrx_word' id='word_1_352' title='bbox 2966 3387 3419 3475; x_wconf 85' lang='lat' dir='ltr'>probabuntur</span> <span class='ocrx_word' id='word_1_353' title='bbox 3462 3439 3483 3474; x_wconf 92' lang='lat'>,</span> <span class='ocrx_word' id='word_1_354' title='bbox 3551 3385 3833 3453; x_wconf 86' lang='lat' dir='ltr'>vestram</span> <span class='ocrx_word' id='word_1_355' title='bbox 3884 3389 4018 3454; x_wconf 86' lang='lat' dir='ltr'>ini-</span> 
     </span>
     <span class='ocr_line' id='line_1_31' title="bbox 1035 3484 4017 3579; baseline 0.002 -31"><span class='ocrx_word' id='word_1_356' title='bbox 1035 3484 1361 3567; x_wconf 83' lang='lat' dir='ltr'>quitatem</span> <span class='ocrx_word' id='word_1_357' title='bbox 1417 3485 1831 3573; x_wconf 90' lang='lat' dir='ltr'>accusatote,</span> <span class='ocrx_word' id='word_1_358' title='bbox 1881 3489 1996 3579; x_wconf 90' lang='lat' dir='ltr'>qui</span> <span class='ocrx_word' id='word_1_359' title='bbox 2043 3506 2126 3554; x_wconf 86' lang='lat' dir='ltr'>ex</span> <span class='ocrx_word' id='word_1_360' title='bbox 2184 3507 2291 3554; x_wconf 87' lang='lat' dir='ltr'>me</span> <span class='ocrx_word' id='word_1_361' title='bbox 2342 3506 2419 3553; x_wconf 83' lang='lat' dir='ltr'>ea</span> <span class='ocrx_word' id='word_1_362' title='bbox 2471 3487 2846 3577; x_wconf 84' lang='lat' dir='ltr'>quaefieritis</span> <span class='ocrx_word' id='word_1_363' title='bbox 2886 3539 2907 3574; x_wconf 89' lang='lat'>,</span> <span class='ocrx_word' id='word_1_364' title='bbox 2957 3513 3101 3578; x_wconf 80' lang='lat' dir='ltr'>quae</span> <span class='ocrx_word' id='word_1_365' title='bbox 3152 3511 3282 3578; x_wconf 87' lang='lat' dir='ltr'>ego</span> <span class='ocrx_word' id='word_1_366' title='bbox 3336 3487 3715 3556; x_wconf 87' lang='lat' dir='ltr'>nescirem:</span> <span class='ocrx_word' id='word_1_367' title='bbox 3789 3509 4017 3555; x_wconf 86' lang='lat' dir='ltr'>meam</span> 
     </span>
     <span class='ocr_line' id='line_1_32' title="bbox 1033 3581 4010 3676; baseline 0.005 -33"><span class='ocrx_word' id='word_1_368' title='bbox 1033 3581 1416 3650; x_wconf 81' lang='lat' dir='ltr'>facilitatem</span> <span class='ocrx_word' id='word_1_369' title='bbox 1469 3587 1801 3653; x_wconf 86' lang='lat' dir='ltr'>laudatote</span> <span class='ocrx_word' id='word_1_370' title='bbox 1836 3639 1856 3671; x_wconf 92' lang='lat'>,</span> <span class='ocrx_word' id='word_1_371' title='bbox 1907 3609 2068 3653; x_wconf 89' lang='lat' dir='ltr'>cum</span> <span class='ocrx_word' id='word_1_372' title='bbox 2123 3587 2301 3656; x_wconf 88' lang='lat' dir='ltr'>vobis</span> <span class='ocrx_word' id='word_1_373' title='bbox 2356 3609 2491 3654; x_wconf 88' lang='lat' dir='ltr'>non</span> <span class='ocrx_word' id='word_1_374' title='bbox 2541 3607 2691 3656; x_wconf 86' lang='lat' dir='ltr'>meo</span> <span class='ocrx_word' id='word_1_375' title='bbox 2746 3587 2991 3666; x_wconf 79' lang='lat' dir='ltr'>judicio</span> <span class='ocrx_word' id='word_1_376' title='bbox 3025 3644 3045 3676; x_wconf 92' lang='lat'>,</span> <span class='ocrx_word' id='word_1_377' title='bbox 3116 3589 3224 3658; x_wconf 88' lang='lat' dir='ltr'>sed</span> <span class='ocrx_word' id='word_1_378' title='bbox 3284 3589 3496 3658; x_wconf 83' lang='lat' dir='ltr'>vestro</span> <span class='ocrx_word' id='word_1_379' title='bbox 3550 3589 3765 3656; x_wconf 85' lang='lat' dir='ltr'>studio</span> <span class='ocrx_word' id='word_1_380' title='bbox 3812 3589 4010 3658; x_wconf 88' lang='lat' dir='ltr'>indu-</span> 
     </span>
     <span class='ocr_line' id='line_1_33' title="bbox 1038 3678 2185 3770; baseline 0.005 -24"><span class='ocrx_word' id='word_1_381' title='bbox 1038 3678 1184 3746; x_wconf 65' lang='lat' dir='ltr'>stus</span> <span class='ocrx_word' id='word_1_382' title='bbox 1237 3702 1371 3748; x_wconf 88' lang='lat' dir='ltr'>non</span> <span class='ocrx_word' id='word_1_383' title='bbox 1424 3701 1700 3768; x_wconf 86' lang='lat' dir='ltr'>gravate</span> <span class='ocrx_word' id='word_1_384' title='bbox 1753 3684 2185 3770; x_wconf 85' lang='lat' dir='ltr'>respondero.</span> 
     </span>
    </p>

    <p class='ocr_par' dir='ltr' id='par_1_8' title="bbox 995 3783 4021 5101">
     <span class='ocr_line' id='line_1_34' title="bbox 1131 3783 4016 3882; baseline 0.006 -37"><span class='ocrx_word' id='word_1_385' title='bbox 1131 3783 1316 3845; x_wconf 88' lang='lat' dir='ltr'>Tum</span> <span class='ocrx_word' id='word_1_386' title='bbox 1369 3783 1682 3868; x_wconf 62' lang='lat' dir='ltr'>Craffus,</span> <span class='ocrx_word' id='word_1_387' title='bbox 1751 3787 1960 3871; x_wconf 88' lang='lat' dir='ltr'>Perge</span> <span class='ocrx_word' id='word_1_388' title='bbox 2011 3785 2217 3852; x_wconf 88' lang='lat' dir='ltr'>modo</span> <span class='ocrx_word' id='word_1_389' title='bbox 2252 3836 2272 3868; x_wconf 90' lang='lat'>,</span> <span class='ocrx_word' id='word_1_390' title='bbox 2342 3788 2555 3876; x_wconf 87' lang='lat' dir='ltr'>inquit</span> <span class='ocrx_word' id='word_1_391' title='bbox 2607 3841 2627 3874; x_wconf 92' lang='lat'>,</span> <span class='ocrx_word' id='word_1_392' title='bbox 2682 3793 2932 3858; x_wconf 88' lang='lat' dir='ltr'>Antoni</span> <span class='ocrx_word' id='word_1_393' title='bbox 2976 3841 2991 3858; x_wconf 93' lang='lat'><strong><em>.</em></strong></span> <span class='ocrx_word' id='word_1_394' title='bbox 3044 3794 3332 3862; x_wconf 88' lang='lat' dir='ltr'>Nullum</span> <span class='ocrx_word' id='word_1_395' title='bbox 3382 3793 3473 3861; x_wconf 90' lang='lat' dir='ltr'>est</span> <span class='ocrx_word' id='word_1_396' title='bbox 3523 3797 3703 3862; x_wconf 89' lang='lat' dir='ltr'>enim</span> <span class='ocrx_word' id='word_1_397' title='bbox 3758 3793 4016 3882; x_wconf 84' lang='lat' dir='ltr'>pericu-</span> 
     </span>
     <span class='ocr_line' id='line_1_35' title="bbox 1029 3881 4021 3984; baseline 0.006 -38"><span class='ocrx_word' id='word_1_398' title='bbox 1029 3883 1178 3946; x_wconf 89' lang='lat' dir='ltr'>lum</span> <span class='ocrx_word' id='word_1_399' title='bbox 1214 3932 1237 3965; x_wconf 92' lang='lat'>,</span> <span class='ocrx_word' id='word_1_400' title='bbox 1290 3901 1369 3946; x_wconf 87' lang='lat' dir='ltr'>ne</span> <span class='ocrx_word' id='word_1_401' title='bbox 1424 3881 1578 3967; x_wconf 89' lang='lat' dir='ltr'>quid</span> <span class='ocrx_word' id='word_1_402' title='bbox 1631 3901 1704 3946; x_wconf 88' lang='lat' dir='ltr'>tu</span> <span class='ocrx_word' id='word_1_403' title='bbox 1755 3883 2073 3972; x_wconf 90' lang='lat' dir='ltr'>eloquare</span> <span class='ocrx_word' id='word_1_404' title='bbox 2110 3936 2130 3968; x_wconf 92' lang='lat'>,</span> <span class='ocrx_word' id='word_1_405' title='bbox 2202 3884 2318 3951; x_wconf 88' lang='lat' dir='ltr'>nifi</span> <span class='ocrx_word' id='word_1_406' title='bbox 2377 3889 2461 3954; x_wconf 88' lang='lat' dir='ltr'>ita</span> <span class='ocrx_word' id='word_1_407' title='bbox 2519 3890 2871 3976; x_wconf 79' lang='lat' dir='ltr'>prudenter</span> <span class='ocrx_word' id='word_1_408' title='bbox 2914 3945 2934 3977; x_wconf 88' lang='lat'>‚</span> <span class='ocrx_word' id='word_1_409' title='bbox 3008 3911 3080 3959; x_wconf 91' lang='lat' dir='ltr'>ut</span> <span class='ocrx_word' id='word_1_410' title='bbox 3134 3897 3469 3963; x_wconf 86' lang='lat' dir='ltr'>neminem</span> <span class='ocrx_word' id='word_1_411' title='bbox 3524 3897 3819 3964; x_wconf 87' lang='lat' dir='ltr'>nostrum</span> <span class='ocrx_word' id='word_1_412' title='bbox 3872 3919 4021 3984; x_wconf 83' lang='lat' dir='ltr'>poe-</span> 
     </span>
     <span class='ocr_line' id='line_1_36' title="bbox 1027 3979 4021 4086; baseline 0.005 -39"><span class='ocrx_word' id='word_1_413' title='bbox 1027 3980 1233 4047; x_wconf 84' lang='lat' dir='ltr'>niteat</span> <span class='ocrx_word' id='word_1_414' title='bbox 1285 3979 1376 4045; x_wconf 86' lang='lat' dir='ltr'>ad&#39;</span> <span class='ocrx_word' id='word_1_415' title='bbox 1415 3981 1590 4050; x_wconf 88' lang='lat' dir='ltr'>hunc</span> <span class='ocrx_word' id='word_1_416' title='bbox 1643 3999 1714 4050; x_wconf 90' lang='lat' dir='ltr'>te</span> <span class='ocrx_word' id='word_1_417' title='bbox 1767 3982 2132 4050; x_wconf 88' lang='lat' dir='ltr'>sermonem</span> <span class='ocrx_word' id='word_1_418' title='bbox 2182 3985 2539 4073; x_wconf 85' lang='lat' dir='ltr'>impuliffe.</span> <span class='ocrx_word' id='word_1_419' title='bbox 2597 3993 2740 4078; x_wconf 89' lang='lat' dir='ltr'>Ego</span> <span class='ocrx_word' id='word_1_420' title='bbox 2790 4013 2947 4058; x_wconf 84' lang='lat' dir='ltr'>vero</span> <span class='ocrx_word' id='word_1_421' title='bbox 2984 4045 3007 4078; x_wconf 92' lang='lat'>,</span> <span class='ocrx_word' id='word_1_422' title='bbox 3058 3996 3273 4086; x_wconf 78' lang='lat' dir='ltr'>inquit</span> <span class='ocrx_word' id='word_1_423' title='bbox 3308 4048 3328 4082; x_wconf 91' lang='lat'>,</span> <span class='ocrx_word' id='word_1_424' title='bbox 3406 4019 3674 4086; x_wconf 83' lang='lat' dir='ltr'>pergam</span> <span class='ocrx_word' id='word_1_425' title='bbox 3712 4023 3734 4060; x_wconf 93' lang='grc'>.·</span> <span class='ocrx_word' id='word_1_426' title='bbox 3812 4001 3881 4066; x_wconf 88' lang='lat'>&amp;</span> <span class='ocrx_word' id='word_1_427' title='bbox 3941 3997 4021 4063; x_wconf 78' lang='lat' dir='ltr'>id</span> 
     </span>
     <span class='ocr_line' id='line_1_37' title="bbox 1028 4079 4019 4186; baseline 0.008 -42"><span class='ocrx_word' id='word_1_428' title='bbox 1028 4079 1268 4146; x_wconf 83' lang='lat' dir='ltr'>faciam</span> <span class='ocrx_word' id='word_1_429' title='bbox 1309 4133 1328 4166; x_wconf 98' lang='lat'>,</span> <span class='ocrx_word' id='word_1_430' title='bbox 1377 4084 1552 4172; x_wconf 80' lang='lat' dir='ltr'>quod</span> <span class='ocrx_word' id='word_1_431' title='bbox 1602 4082 1670 4148; x_wconf 88' lang='lat' dir='ltr'>in</span> <span class='ocrx_word' id='word_1_432' title='bbox 1725 4086 2042 4173; x_wconf 88' lang='lat' dir='ltr'>principio</span> <span class='ocrx_word' id='word_1_433' title='bbox 2093 4084 2233 4153; x_wconf 85' lang='lat' dir='ltr'>fieri</span> <span class='ocrx_word' id='word_1_434' title='bbox 2293 4090 2362 4152; x_wconf 88' lang='lat' dir='ltr'>in</span> <span class='ocrx_word' id='word_1_435' title='bbox 2412 4088 2719 4158; x_wconf 89' lang='lat' dir='ltr'>omnibus</span> <span class='ocrx_word' id='word_1_436' title='bbox 2770 4091 3310 4181; x_wconf 86' lang='lat' dir='ltr'>disputationibus</span> <span class='ocrx_word' id='word_1_437' title='bbox 3383 4117 3676 4186; x_wconf 88' lang='lat' dir='ltr'>oportere</span> <span class='ocrx_word' id='word_1_438' title='bbox 3724 4095 4019 4182; x_wconf 79' lang='lat' dir='ltr'>censen,</span> 
     </span>
     <span class='ocr_line' id='line_1_38' title="bbox 1025 4181 4017 4288; baseline 0.006 -40"><span class='ocrx_word' id='word_1_439' title='bbox 1025 4195 1098 4248; x_wconf 89' lang='lat' dir='ltr'>ut</span> <span class='ocrx_word' id='word_1_440' title='bbox 1137 4233 1158 4264; x_wconf 91' lang='lat'>,</span> <span class='ocrx_word' id='word_1_441' title='bbox 1209 4181 1369 4272; x_wconf 90' lang='lat' dir='ltr'>quid</span> <span class='ocrx_word' id='word_1_442' title='bbox 1423 4183 1595 4250; x_wconf 84' lang='lat' dir='ltr'>illud</span> <span class='ocrx_word' id='word_1_443' title='bbox 1649 4182 1725 4251; x_wconf 83' lang='lat' dir='ltr'>fit</span> <span class='ocrx_word' id='word_1_444' title='bbox 1769 4239 1792 4272; x_wconf 91' lang='lat'>,</span> <span class='ocrx_word' id='word_1_445' title='bbox 1857 4185 1942 4252; x_wconf 88' lang='lat' dir='ltr'>de</span> <span class='ocrx_word' id='word_1_446' title='bbox 1992 4207 2122 4274; x_wconf 91' lang='lat' dir='ltr'>quo</span> <span class='ocrx_word' id='word_1_447' title='bbox 2167 4185 2530 4276; x_wconf 87' lang='lat' dir='ltr'>disputetur</span> <span class='ocrx_word' id='word_1_448' title='bbox 2570 4245 2590 4277; x_wconf 92' lang='lat'>,</span> <span class='ocrx_word' id='word_1_449' title='bbox 2658 4194 3053 4281; x_wconf 86' lang='lat' dir='ltr'>explanetur</span> <span class='ocrx_word' id='word_1_450' title='bbox 3094 4225 3119 4285; x_wconf 84' lang='lat'>‚-</span> <span class='ocrx_word' id='word_1_451' title='bbox 3196 4221 3278 4267; x_wconf 92' lang='lat' dir='ltr'>ne</span> <span class='ocrx_word' id='word_1_452' title='bbox 3336 4203 3560 4288; x_wconf 86' lang='lat' dir='ltr'>vagari</span> <span class='ocrx_word' id='word_1_453' title='bbox 3636 4203 3708 4270; x_wconf 72' lang='grc' dir='ltr'>δε-</span> <span class='ocrx_word' id='word_1_454' title='bbox 3780 4217 4017 4266; x_wconf 82' lang='lat' dir='ltr'>errare</span> 
     </span>
     <span class='ocr_line' id='line_1_39' title="bbox 1021 4283 4013 4390; baseline 0.007 -42"><span class='ocrx_word' id='word_1_455' title='bbox 1021 4299 1296 4370; x_wconf 87' lang='lat' dir='ltr'>cogatur</span> <span class='ocrx_word' id='word_1_456' title='bbox 1345 4287 1594 4371; x_wconf 89' lang='lat' dir='ltr'>orati0,</span> <span class='ocrx_word' id='word_1_457' title='bbox 1648 4283 1696 4351; x_wconf 84' lang='lat' dir='ltr'>fi</span> <span class='ocrx_word' id='word_1_458' title='bbox 1745 4289 1837 4374; x_wconf 92' lang='lat' dir='ltr'>ii,</span> <span class='ocrx_word' id='word_1_459' title='bbox 1883 4287 1996 4374; x_wconf 88' lang='lat' dir='ltr'>qui</span> <span class='ocrx_word' id='word_1_460' title='bbox 2049 4287 2213 4354; x_wconf 89' lang='lat' dir='ltr'>inter</span> <span class='ocrx_word' id='word_1_461' title='bbox 2268 4289 2331 4356; x_wconf 72' lang='lat' dir='ltr'>{e</span> <span class='ocrx_word' id='word_1_462' title='bbox 2382 4291 2828 4380; x_wconf 79' lang='lat' dir='ltr'>difl&#39;enserint,</span> <span class='ocrx_word' id='word_1_463' title='bbox 2888 4319 3019 4365; x_wconf 89' lang='lat' dir='ltr'>non</span> <span class='ocrx_word' id='word_1_464' title='bbox 3071 4299 3250 4369; x_wconf 85' lang='lat' dir='ltr'>idem</span> <span class='ocrx_word' id='word_1_465' title='bbox 3300 4301 3423 4367; x_wconf 84' lang='lat' dir='ltr'>effe</span> <span class='ocrx_word' id='word_1_466' title='bbox 3475 4301 3685 4390; x_wconf 81' lang='lat' dir='ltr'>illud,</span> <span class='ocrx_word' id='word_1_467' title='bbox 3734 4301 3815 4370; x_wconf 89' lang='lat' dir='ltr'>de</span> <span class='ocrx_word' id='word_1_468' title='bbox 3854 4321 4013 4389; x_wconf 72' lang='lat' dir='ltr'>quo</span> 
     </span>
     <span class='ocr_line' id='line_1_40' title="bbox 1021 4383 4017 4492; baseline 0.009 -47"><span class='ocrx_word' id='word_1_469' title='bbox 1021 4383 1239 4470; x_wconf 82' lang='lat' dir='ltr'>agitur</span> <span class='ocrx_word' id='word_1_470' title='bbox 1278 4438 1299 4469; x_wconf 96' lang='lat'>,</span> <span class='ocrx_word' id='word_1_471' title='bbox 1348 4386 1720 4477; x_wconf 88' lang='lat' dir='ltr'>intelligent</span> <span class='ocrx_word' id='word_1_472' title='bbox 1757 4437 1774 4450; x_wconf 91' lang='lat'><strong>.</strong></span> <span class='ocrx_word' id='word_1_473' title='bbox 1850 4391 2028 4454; x_wconf 87' lang='lat' dir='ltr'>Nam</span> <span class='ocrx_word' id='word_1_474' title='bbox 2066 4443 2086 4475; x_wconf 90' lang='lat'>‚</span> <span class='ocrx_word' id='word_1_475' title='bbox 2140 4391 2185 4456; x_wconf 86' lang='lat' dir='ltr'><strong>fi</strong></span> <span class='ocrx_word' id='word_1_476' title='bbox 2242 4391 2410 4460; x_wconf 87' lang='lat' dir='ltr'>forte</span> <span class='ocrx_word' id='word_1_477' title='bbox 2463 4413 2855 4483; x_wconf 84' lang='lat' dir='ltr'>quaereretur</span> <span class='ocrx_word' id='word_1_478' title='bbox 2900 4453 2919 4486; x_wconf 95' lang='lat'>,</span> <span class='ocrx_word' id='word_1_479' title='bbox 2970 4397 3305 4488; x_wconf 75' lang='lat' dir='ltr'>quaeefset</span> <span class='ocrx_word' id='word_1_480' title='bbox 3362 4421 3471 4470; x_wconf 88' lang='lat' dir='ltr'>ars</span> <span class='ocrx_word' id='word_1_481' title='bbox 3524 4404 3945 4492; x_wconf 88' lang='lat' dir='ltr'>imperatoris</span> <span class='ocrx_word' id='word_1_482' title='bbox 3993 4457 4017 4489; x_wconf 85' lang='lat'>,</span> 
     </span>
     <span class='ocr_line' id='line_1_41' title="bbox 1019 4481 4009 4584; baseline 0.006 -35"><span class='ocrx_word' id='word_1_483' title='bbox 1019 4481 1550 4554; x_wconf 90' lang='lat' dir='ltr'>constituendum</span> <span class='ocrx_word' id='word_1_484' title='bbox 1624 4493 1919 4574; x_wconf 81' lang='lat' dir='ltr'>putarem</span> <span class='ocrx_word' id='word_1_485' title='bbox 1987 4493 2307 4580; x_wconf 84' lang='lat' dir='ltr'>principio</span> <span class='ocrx_word' id='word_1_486' title='bbox 2345 4546 2365 4578; x_wconf 91' lang='lat'>,</span> <span class='ocrx_word' id='word_1_487' title='bbox 2434 4498 2550 4584; x_wconf 90' lang='lat' dir='ltr'>qui</span> <span class='ocrx_word' id='word_1_488' title='bbox 2620 4519 2777 4566; x_wconf 89' lang='lat' dir='ltr'>cum</span> <span class='ocrx_word' id='word_1_489' title='bbox 2834 4501 2979 4568; x_wconf 82' lang='lat' dir='ltr'>effet</span> <span class='ocrx_word' id='word_1_490' title='bbox 3050 4503 3439 4572; x_wconf 88' lang='lat' dir='ltr'>constitutus</span> <span class='ocrx_word' id='word_1_491' title='bbox 3512 4504 4009 4575; x_wconf 85' lang='lat' dir='ltr'>administrator</span> 
     </span>
     <span class='ocr_line' id='line_1_42' title="bbox 1019 4585 4008 4696; baseline 0.008 -47"><span class='ocrx_word' id='word_1_492' title='bbox 1019 4585 1289 4686; x_wconf 83' lang='lat' dir='ltr'>quidam</span> <span class='ocrx_word' id='word_1_493' title='bbox 1347 4585 1497 4655; x_wconf 88' lang='lat' dir='ltr'>belli</span> <span class='ocrx_word' id='word_1_494' title='bbox 1553 4589 1866 4677; x_wconf 87' lang='lat' dir='ltr'>gerendi,</span> <span class='ocrx_word' id='word_1_495' title='bbox 1916 4607 2066 4657; x_wconf 89' lang='lat' dir='ltr'>tum</span> <span class='ocrx_word' id='word_1_496' title='bbox 2119 4593 2633 4682; x_wconf 76' lang='lat' dir='ltr'>adjungeremus</span> <span class='ocrx_word' id='word_1_497' title='bbox 2684 4599 2767 4666; x_wconf 89' lang='lat' dir='ltr'>de</span> <span class='ocrx_word' id='word_1_498' title='bbox 2816 4605 3155 4690; x_wconf 84' lang='lat' dir='ltr'>exercitu,</span> <span class='ocrx_word' id='word_1_499' title='bbox 3204 4607 3283 4671; x_wconf 89' lang='lat' dir='ltr'>de</span> <span class='ocrx_word' id='word_1_500' title='bbox 3342 4607 3615 4696; x_wconf 75' lang='lat' dir='ltr'>castriS,</span> <span class='ocrx_word' id='word_1_501' title='bbox 3664 4609 3745 4675; x_wconf 92' lang='lat' dir='ltr'>de</span> <span class='ocrx_word' id='word_1_502' title='bbox 3794 4606 4008 4694; x_wconf 83' lang='lat' dir='ltr'>agmi-</span> 
     </span>
     <span class='ocr_line' id='line_1_43' title="bbox 1013 4683 4017 4796; baseline 0.007 -44"><span class='ocrx_word' id='word_1_503' title='bbox 1013 4683 1208 4754; x_wconf 82' lang='lat' dir='ltr'>nibus</span> <span class='ocrx_word' id='word_1_504' title='bbox 1253 4742 1272 4773; x_wconf 93' lang='lat'>,</span> <span class='ocrx_word' id='word_1_505' title='bbox 1338 4688 1416 4755; x_wconf 91' lang='lat' dir='ltr'>de</span> <span class='ocrx_word' id='word_1_506' title='bbox 1493 4690 1830 4777; x_wconf 63' lang='lat' dir='ltr'>signorum</span> <span class='ocrx_word' id='word_1_507' title='bbox 1904 4693 2517 4784; x_wconf 87' lang='lat' dir='ltr'>collocationibus,</span> <span class='ocrx_word' id='word_1_508' title='bbox 2584 4697 2667 4764; x_wconf 93' lang='lat' dir='ltr'>de</span> <span class='ocrx_word' id='word_1_509' title='bbox 2737 4701 3127 4787; x_wconf 88' lang='lat' dir='ltr'>oppidorum</span> <span class='ocrx_word' id='word_1_510' title='bbox 3196 4709 3794 4796; x_wconf 85' lang='lat' dir='ltr'>oppugnationibus</span> <span class='ocrx_word' id='word_1_511' title='bbox 3836 4763 3855 4796; x_wconf 99' lang='lat'>,</span> <span class='ocrx_word' id='word_1_512' title='bbox 3928 4706 4017 4774; x_wconf 87' lang='lat' dir='ltr'>de</span> 
     </span>
     <span class='ocr_line' id='line_1_44' title="bbox 1013 4789 4017 4902; baseline 0.009 -50"><span class='ocrx_word' id='word_1_513' title='bbox 1013 4804 1383 4858; x_wconf 87' lang='lat' dir='ltr'>commeatu</span> <span class='ocrx_word' id='word_1_514' title='bbox 1423 4843 1444 4876; x_wconf 96' lang='lat'>,</span> <span class='ocrx_word' id='word_1_515' title='bbox 1512 4791 1594 4858; x_wconf 92' lang='lat' dir='ltr'>de</span> <span class='ocrx_word' id='word_1_516' title='bbox 1643 4789 1884 4858; x_wconf 83' lang='lat' dir='ltr'>infidiis</span> <span class='ocrx_word' id='word_1_517' title='bbox 1939 4791 2252 4861; x_wconf 75' lang='lat' dir='ltr'>faciendis</span> <span class='ocrx_word' id='word_1_518' title='bbox 2340 4813 2536 4888; x_wconf 88' lang='lat' dir='ltr'>atque</span> <span class='ocrx_word' id='word_1_519' title='bbox 2609 4800 2956 4890; x_wconf 76' lang='lat' dir='ltr'>vitandis,</span> <span class='ocrx_word' id='word_1_520' title='bbox 3042 4805 3126 4872; x_wconf 89' lang='lat' dir='ltr'>de</span> <span class='ocrx_word' id='word_1_521' title='bbox 3197 4810 3465 4902; x_wconf 87' lang='lat' dir='ltr'>reliquis</span> <span class='ocrx_word' id='word_1_522' title='bbox 3536 4811 3731 4882; x_wconf 91' lang='lat' dir='ltr'>rebus</span> <span class='ocrx_word' id='word_1_523' title='bbox 3769 4866 3792 4898; x_wconf 91' lang='lat'>,</span> <span class='ocrx_word' id='word_1_524' title='bbox 3860 4799 4017 4902; x_wconf 78' lang='lat' dir='ltr'>qua:</span> 
     </span>
     <span class='ocr_line' id='line_1_45' title="bbox 1011 4889 4017 4991; baseline 0.007 -35"><span class='ocrx_word' id='word_1_525' title='bbox 1011 4889 1208 4958; x_wconf 86' lang='lat' dir='ltr'>essent</span> <span class='ocrx_word' id='word_1_526' title='bbox 1277 4893 1552 4988; x_wconf 64' lang='lat' dir='ltr'>propriae</span> <span class='ocrx_word' id='word_1_527' title='bbox 1627 4889 1776 4958; x_wconf 85' lang='lat' dir='ltr'>belli</span> <span class='ocrx_word' id='word_1_528' title='bbox 1849 4892 2400 4962; x_wconf 82' lang='lat' dir='ltr'>administrandi:</span> <span class='ocrx_word' id='word_1_529' title='bbox 2476 4921 2762 4989; x_wconf 83' lang='lat' dir='ltr'>quarum</span> <span class='ocrx_word' id='word_1_530' title='bbox 2836 4905 2947 4991; x_wconf 87' lang='lat' dir='ltr'>qui</span> <span class='ocrx_word' id='word_1_531' title='bbox 3016 4907 3216 4976; x_wconf 83' lang='lat' dir='ltr'>essent</span> <span class='ocrx_word' id='word_1_532' title='bbox 3286 4915 3509 4980; x_wconf 88' lang='lat' dir='ltr'>animo</span> <span class='ocrx_word' id='word_1_533' title='bbox 3582 4917 3655 4984; x_wconf 74' lang='grc' dir='ltr'>ἀ</span> <span class='ocrx_word' id='word_1_534' title='bbox 3733 4914 4017 4981; x_wconf 87' lang='lat' dir='ltr'>scientia</span> 
     </span>
     <span class='ocr_line' id='line_1_46' title="bbox 995 4992 4017 5101; baseline 0.01 -48"><span class='ocrx_word' id='word_1_535' title='bbox 995 5007 1376 5093; x_wconf 64' lang='lat' dir='ltr'>compotes,</span> <span class='ocrx_word' id='word_1_536' title='bbox 1429 5015 1536 5067; x_wconf 88' lang='lat' dir='ltr'>eos</span> <span class='ocrx_word' id='word_1_537' title='bbox 1573 4992 1710 5062; x_wconf 80' lang='lat' dir='ltr'>&#39;effe</span> <span class='ocrx_word' id='word_1_538' title='bbox 1759 4995 2194 5096; x_wconf 36' lang='lat' dir='ltr'>imper-‚atores</span> <span class='ocrx_word' id='word_1_539' title='bbox 2254 4997 2539 5070; x_wconf 85' lang='lat' dir='ltr'>dicerem</span> <span class='ocrx_word' id='word_1_540' title='bbox 2582 5027 2603 5092; x_wconf 79' lang='lat'>3</span> <span class='ocrx_word' id='word_1_541' title='bbox 2656 5019 3001 5096; x_wconf 83' lang='lat' dir='ltr'>utererque</span> <span class='ocrx_word' id='word_1_542' title='bbox 3068 5015 3394 5101; x_wconf 84' lang='lat' dir='ltr'>exemplis</span> <span class='ocrx_word' id='word_1_543' title='bbox 3453 5015 3945 5085; x_wconf 86' lang='lat' dir='ltr'>Africanorum</span> <span class='ocrx_word' id='word_1_544' title='bbox 3992 5069 4017 5101; x_wconf 89' lang='lat'>,</span> 
     </span>
    </p>

    <p class='ocr_par' dir='ltr' id='par_1_9' title="bbox 2854 5116 3881 5189">
     <span class='ocr_line' id='line_1_47' title="bbox 2854 5116 3881 5189; baseline 0.008 -15"><span class='ocrx_word' id='word_1_545' title='bbox 2854 5141 2862 5149; x_wconf 44' lang='grc' dir='ltr'><em>ν</em></span> <span class='ocrx_word' id='word_1_546' title='bbox 3624 5121 3692 5189; x_wconf 85' lang='lat'>&amp;</span> <span class='ocrx_word' id='word_1_547' title='bbox 3734 5116 3881 5182; x_wconf 90' lang='lat' dir='ltr'>Ma-</span> 
     </span>
    </p>
   </div>
   <div class='ocr_carea' id='block_1_5' title="bbox 4241 2287 4275 3279">
    <p class='ocr_par' dir='ltr' id='par_1_10' title="bbox 4241 2287 4275 3279">
     <span class='ocr_line' id='line_1_48' title="bbox 4241 2287 4269 2822; baseline 0 0"><span class='ocrx_word' id='word_1_548' title='bbox 4241 2287 4269 2822; x_wconf 62' lang='lat' dir='ltr'>&#39;z</span> 
     </span>
     <span class='ocr_line' id='line_1_49' title="bbox 4241 2845 4275 3279; baseline 0 -52"><span class='ocrx_word' id='word_1_549' title='bbox 4241 2845 4275 3279; x_wconf 64' lang='lat' dir='ltr'>J</span> 
     </span>
    </p>
   </div>
  </div>
 </body>
</html>
