4359 6321
317 530 324 537 .
1117 417 1190 503 0
1238 410 1520 512 ‘'R-..A
1575 412 1668 505 Τ
1723 406 2066 517 0'.R.I
2115 417 2193 515 Β
2253 420 2339 507 U
2384 418 2507 513 S.
2984 450 3184 557 2335

385 538 531 615 LV.
575 536 758 603 Cum
807 526 1784 625 haee·diffe·rniffem,·.uterque
1835 534 2134 609 assensus
2184 534 2279 607 est
2316 592 2337 627 ,
2389 542 2461 612 dc
2514 554 2644 633 ego
2694 554 3016 639 tanquam
3068 550 3151 617 ab
3196 548 3303 621 in·

277 658 472 732 tegre
519 633 823 709 ordiens.
881 632 1173 720 Quando·
1227 633 1471 725 igiturj,
1521 636 1846 727 inquam,
1879 657 1937 707 .a
1983 647 2181 710 Cotta
2226 644 2305 712 ἀ
2363 644 2657 733 Sulpicio
2706 645 3119 717 haec-omnis
3172 646 3299 720 flu-

275 744 382 810 xit
429 739 693 826 oratic,
739 756 898 807 cum
933 736 1072 807 hos
1119 737 1422 807 maxime
1473 734 2050 817 indicio’illorum
2097 742 2451 817 hominum
2490 798 2513 835 ,
2567 750 2638 820 &
2696 747 2885 821 illius
2934 751 3145 823 aetatis
3203 752 3301 817 di.

265 841 527 915 xissem
565 837 874 929 'probatos
911 889 933 926 ,
978 854 1328 907 -revertar·
1353 835 1436 905 ad
1465 857 1596 907 ‘eos
1625 836 1818 926 ipsos
1837 860 1874 904 ···
1915 857 2064 915 tum
2111 843 2397 933 reliquos
2449 898 2471 934 ‚
2523 860 2601 919 ut
2640 850 2942 940 institui,
2988 852 3297 941 deinceps

267 943 632 1038 persequar
670 988 690 1009 .
757 939 1108 1027 Quoniam
1175 958 1348 1029 ergo
1411 953 1751 1009 oratorum
1801 938 2134 1019 honorum
2210 943 2381 1034 (hos
2454 951 2639 1019 enim
2684 956 3094 1045 quaerimus)
3164 954 3303 1025 duo

275 1066 521 1139 genera
575 1040 771 1129 sunt,
819 1060 1038 1111 unum
1089 1054 1424 1111 attenuate
1441 1070 1478 1126 ‚·
1509 1038 1908 1133 presseque-,-
1955 1050 2251 1116 alterum
2302 1044 2555 1119 sublate
2592 1102 2615 1137 ,
2662 1056 3021 1148 ampleque
3072 1056 3300 1125 dicen-

271 1151 492 1217 riums
521 1145 660 1217 —jetfi
713 1144 780 1215 id
811 1140 1214 1215 {melius-est
1262 1194 1284 1231 ,
1319 1140 1510 1234 ‚qumi
1537 1140 1966 1233 :splendidius
2011 1150 2092 1220 ὗε
2145 1146 2731 1239 magnificentius,
2780 1170 3007 1225 tamen
3042 1159 3131 1223 in
3187 1157 3303 1224 bo-

268 1252 386 1319 :nis
433 1249 726 1332 annia„
765 1266 934 1339 ,φη
973 1244 1249 1315 summa
1300 1243 1456 1314 sunt
1493 1295 1515 1332 ,
1568 1244 1716 1325 iure
1765 1246 2166 1320 laudantur.
2239 1251 2365 1321 Sed
2413 1255 2720 1328 cavenda
2784 1252 2879 1324 est
2926 1256 3145 1347 presto
3197 1255 3303 1327 illi

277 1354 524 1421 mtori
573 1349 793 1437 inopia
845 1352 918 1419 &
975 1346 1280 1427 ieiunitas
1313 1370 1334 1413 τ
1403 1344 1632 1435 amplo
1679 1366 1908 1420 autem
1945 1404 1966 1439 ,
2039 1348 2353 1421 inflatum
2400 1354 2479 1424 v&
2530 1366 2927 1446 corruptum
2978 1358 3299 1428 orationis

271 1459 532 1545 genus.'
583 1447 966 1519 Inveniebat
1014 1448 1217 1539 igitur
1269 1468 1466 1525 acute
1515 1451 1712 1518 Cotta
1750 1502 1772 1539 ,
1819 1450 2078 1523 dicebat
2127 1472 2291 1543 pure
2340 1470 2419 1523 ac
2473 1450 2682 1528 solute
2734 1478 2749 1521 ι
2804 1458 2873 1527 δε
2934 1472 3009 1529 ut
3060 1456 3146 1527 ad
3200 1461 3301 1529 in·
3344 1454 3357 1461 ⁵

261 1555 670 1623 *firmitatem
727 1550 1028 1624 interum
1093 1548 1492 1642 perscienter
1553 1556 2050 1624 contentionem
2099 1572 2371 1627 omnem
2441 1556 2781 1630 remiserat
2819 1607 2841 1644 ,
2910 1557 2999 1627 fic
3067 1559 3152 1626 ad
3207 1563 3301 1628 vi-

277 1658 460 1727 rium
511 1651 1036 1725 imbecillitatem
1083 1652 1344 1723 dIcendi
1391 1653 1930 1725 accommodabat
1975 1676 2195 1749 genus
2227 1702 2247 1721 .
2302 1656 2492 1727 Nihil
2519 1669 2685 1727 :erat
2734 1660 2805 1727 in
2834 1657 3003 1736 -eius
3055 1666 3293 1731 oratio·

267 1776 367 1824 :ne
415 1754 539 1825 nili
597 1756 924 1824 sincerum
961 1811 984 1846 ,
1031 1754 1216 1823 nihil
1269 1752 1392 1823 nili
1445 1754 1696 1823 siccum
1735 1808 1757 1843 ,
1827 1776 2034 1851 atque
2102 1756 2339 1827 sanum
2374 1781 2399 1821 .·
2470 1758 2776 1853 illudque
2842 1757 3227 1828 maximum

277 1858 461 1948 quod
499 1908 520 1943 ,
585 1877 744 1927 cum
798 1858 1218 1928 contentione
1265 1854 1581 1924 orationis
1633 1854 1898 1927 fleStere
1967 1859 2225 1927 animos
2286 1859 2589 1938 iudicum
2664 1862 2778 1931 vix
2830 1857 3043 1949 posset
3084 1912 3105 1945 ‚
3176 1882 3301 1933 nec

275 1960 562 2026 omnino
601 1980 690 2026 eo
736 1960 978 2047 genere
1025 1956 1272 2029 diceret
1308 2008 1333 2043 ‚
1393 1954 1735 2025 trastando
1782 1974 2012 2029 tamen
2059 1958 2436 2050 impellebat
2474 2013 2499 2048 ‚
2561 1978 2635 2030 ut
2684 1960 2859 2031 idem
2900 1959 3208 2032 ,facerent
3258 1982 3300 2030 a

279 2061 352 2127 se
399 2060 778 2145 commoti5
829 2058 1013 2152 quod
1081 2079 1120 2126 a
1165 2057 1460 2147 Sulpicio
1524 2060 1896 2129 concitati.
1971 2061 2128 2135 Fuit
2199 2062 2386 2131 enim
2432 2062 2771 2152 Sulpicius
2840 2061 2947 2130 vel
3003 2066 3299 2131 maxime

275 2161 630 2245 omnium,
675 2180 848 2251 quos
895 2162 1168 2253 quidem
1215 2178 1348 2251 ego
1395 2159 1812 2247 audiverim,-
1861 2161 2130 2252 grandis
2161 2216 2181 2250 ,
2230 2166 2351 2252 &,
2392 2178 2475 2231 ut
2522 2163 2613 2233 ita
2662 2162 2885 2235 dicam
2926 2214 2949 2249 ,
2996 2166 3296 2253 tragicus

257 2276 503 2331 :orator
536 2310 556 2331 .
608 2266 766 2331 Vox
806 2284 976 2335 cum
1027 2282 1278 2351 magna
1313 2310 1338 2347 ,
1403 2277 1550 2331 tum
1606 2262 1822 2332 suavis
1869 2269 1948 2336 δε
2008 2262 2405 2354 splendida;
2472 2264 2691 2357 gestus
2748 2268 2818 2335 δι
2878 2281 3106 2333 motus
3156 2285 3301 2335 cor-

273 2366 460 2455 poris
509 2365 604 2432 ita
653 2364 1029 2451 venustus,
1095 2383 1176 2433 ut
1221 2380 1450 2433 tamen
1499 2364 1582 2433 ad
1637 2364 1858 2435 forum
1896 2391 1946 2451 ‚·
1991 2386 2126 2433 non
2182 2366 2279 2433 ad
2332 2364 2599 2437 scenam
2650 2366 2990 2438 institutus
3045 2362 3301 2437 videre-

259 2482 436 2535 .tur.·
493 2466 766 2535 incitata
815 2468 888 2539 dt
943 2464 1256 2537 volubilis
1297 2518 1319 2555 ‚
1367 2486 1492 2537 nec
1529 2484 1620 2536 ca
1669 2468 2050 2537 redundans
2101 2484 2326 2537 tamen
2374 2520 2395 2557 ,
2444 2490 2567 2539 nec
2617 2464 3101 2539 circumfluens
3148 2486 3299 2535 ora·

265 2568 410 2636 tio.
461 2565 785 2641 Crassum
833 2568 946 2639 hic
998 2567 1284 2637 volebat·
1315 2570 1610 2655 imitari,
1657 2573 1850 2638 Cotta
1899 2568 2193 2641 malebat
2246 2570 2657 2641 Antoniumz
2710 2568 2817 2639 sed
2870 2564 2951 2635 ab
2996 2566 3128 2638 hoc
3184 2569 3283 2635 vis

267 2668 882 2757 aberat'Antonii·‚
932 2667 1137 2739 Crasti
1197 2666 1280 2737 ab
1329 2670 1452 2739 illo
1501 2670 1722 2759 lepos.

258 2792 274 2807 ·
357 2770 562 2838 LVI.
617 2772 685 2835 Ο
729 2788 1050 2861 magnam
1090 2820 1112 2854 ‚
1162 2770 1380 2860 inquit
1415 2820 1439 2857 ,
1483 2784 1703 2837 artem
1745 2770 1762 2835 Ξ
1817 2772 2064 2840 Brutus
2097 2792 2125 2835 .-
2179 2768 2229 2839 si
2278 2771 2549 2863 quidem
2600 2768 2733 2841 istis
2768 2819 2791 2858 ‚
2842 2784 3007 2840 cum
3056 2766 3301 2841 summi

267 2869 483 2942 essent
528 2888 868 2960 oratores,
917 2873 1066 2941 duae
1114 2890 1222 2938 res
1277 2872 1614 2958 maxime,
1661 2870 1868 2941 altera
1917 2871 2110 2941 alteri
2159 2870 2406 2942 defuit.
2764 2880 2771 2889 '
2952 2878 2961 2889 ‘
3074 2878 3081 2885 ’
3184 2882 3189 2889 ’

379 2978 604 3063 Atque
653 2974 722 3040 in
771 2974 876 3041 his
907 2970 1289 3042 oratoribus
1341 2970 1510 3041 inud
1546 2972 2237 3043 animadvertendum
2284 2972 2377 3045 est
2428 3030 2449 3065 ,
2496 2972 2685 3067 posse
2732 2970 2874 3061 csse
2923 2971 3225 3045 summos
3276 3020 3303 3060 ,

265 3074 390 3167 qui
439 3076 608 3140 inter
661 3072 726 3140 se
781 3073 1324 3143 fint‘diffimiles.
1377 3071 1563 3141 Nihil
1611 3077 1796 3142 enim
1847 3090 1988 3143 tam
2033 3076 2335 3146 diffimile
2386 3128 2408 3164 ,
2458 3097 2665 3166 quam
2712 3082 2911 3145 Cotta
2966 3073 3297 3162 Sulpici03

271 3185 430 3264 (a)
480 3175 552 3242 Bt
609 3186 888 3263 uterque
935 3169 1294 3262 equalibus
1343 3168 1480 3239 fiiis
1525 3173 1904 3258 plurimum
1955 3175 2243 3262 praestitit
2292 3225 2314 3248 .
2382 3181 2613 3260 Quare
2678 3175 2807 3247 hoc
2862 3175 3148 3244 doaoris
3196 3174 3301 3240 in-

265 3260 644 3364 'telligentis
689 3271 784 3342 est
821 3325 845 3362 ,
897 3271 1117 3340 videre
1152 3322 1175 3355 ,
1223 3290 1360 3366 quo
1411 3269 1580 3338 ferat
1628 3291 1868 3340 natura
1921 3272 2038 3342 sua
2086 3293 2467 3363 quemque.-
2523 3277 2597 3344 dc
2650 3292 2733 3340 ea
2780 3274 2951 3345 duce
2998 3287 3313 3342 utentem.

271 3377 370 3448 fic
423 3374 760 3447 instituere
796 3428 817 3463 ‚
863 3393 960 3444 ut
1009 3372 1366 3443 liberatem
1435 3373 1505 3440 in
1571 3375 1896 3444 aoerrimo
1966 3375 2241 3461 ingenio
2292 3371 2707 3464 Theopompi
2762 3422 2785 3460 ,
2852 3377 2925 3444 ει
2981 3369 3301 3440 leniffimo

273 3478 519 3568 Ephori
569 3475 812 3547 dixisse
865 3475 1184 3546 traditum
1235 3473 1370 3560 est,
1423 3473 1612 3542 alteri
1669 3475 1734 3544 se
1781 3472 2070 3545 calcaria
2125 3471 2437 3544 adhibere
2476 3526 2498 3562 ‚
2564 3471 2764 3544 alteri
2836 3471 3100 3541 frenos.
3150 3468 3303 3539 Sul-

271 3581 428 3670 picii
479 3583 808 3650 orationes
846 3629 868 3665 ‚
930 3600 1080 3669 quae
1127 3579 1436 3648 feruntur
1471 3627 1494 3662 ,
1564 3594 1680 3646 eas
1731 3573 1870 3666 post
1921 3589 2211 3646 mortem
2278 3575 2428 3654 eius
2478 3571 2827 3664 'scripfisse
2880 3577 2951 3640 P.
2970 3573 3298 3642 Canutius

269 3694 546 3772 putatur
587 3733 608 3768 ,
655 3680 922 3772 aequalis
973 3700 1165 3750 meus
1205 3731 1226 3766 ,
1273 3677 1482 3748 homo
1527 3693 1722 3746 extra
1775 3677 2075 3748 nostrum
2123 3677 2433 3746 ordinem
2485 3730 2507 3767 ,
2560 3695 2707 3745 meo
2758 3673 3048 3760 judicio,
3093 3671 3297 3741 diser·

269 3782 596 3852 tiffimus.
654 3780 865 3871 lpfius
899 3780 1183 3871 -Sulpicii
1227 3777 1427 3852 nulla
1474 3780 1692 3850 oratio
1737 3777 1866 3848 est:
1917 3777 2211 3869 saepeque
2251 3799 2337 3846 ex
2388 3800 2471 3849 eo
2524 3778 2786 3864 audivi,
2839 3796 3002 3846 cum
3055 3773 3117 3842 se
3143 3774 3301 3843 scri·

269 3882 432 3952 bere
483 3901 698 3976 neque
743 3881 1093 3954 consuesse
1125 3937 1156 3971 0
1220 3900 1440 3970 neque
1491 3879 1674 3968 posse
1724 3882 1974 3950 diceret
2014 3909 2066 3947 .·
2099 3883 2313 3950 Cottae
2380 3879 2473 3969 (b
2498 3889 2530 3963 )
2607 3899 2727 3970 pro
2776 3875 2845 3948 se
2890 3879 3042 3970 lege
3092 3877 3301 3945 Varia

269 4008 420 4078 qux
471 3983 844 4054 inscribitur
885 4035 912 4074 ‚
976 4003 1131 4056 eam
1183 3979 1511 4050 L.AElius
1580 3979 1826 4073 scripfit
1867 3986 2082 4052 Cottae
2151 3997 2389 4072 rogatu
2420 4028 2444 4053 ⁴.
2520 3979 2679 4049 Fuit
2746 3981 2801 4050 is
2866 3977 3147 4049 omnino
3198 3978 3301 4046 vit

269 4087 587 4179 egregius
622 4138 646 4173 ,
713 4087 788 4156 δε
843 4105 1046 4177 eques
1097 4092 1446 4154 Romanus
1509 4101 1673 4152 cum
1744 4085 1972 4174 primis
2021 4082 2336 4153 honestus
2372 4133 2399 4170 ‚
2462 4081 2774 4175 idemque
2838 4077 3301 4150 eruditiffimus

281 4193 355 4261 δι’.
409 4187 666 4258 Graecis
738 4187 944 4259 literis
997 4189 1068 4258 dt
1123 4187 1426 4257 Latinis=
1477 4185 2016 4279 antiquitatisque
2067 4183 2301 4258 nostrae
2353 4184 2426 4255 dt
2483 4187 2551 4253 in
2608 4185 2903 4252 invent‘s
2938 4177 3172 4270 rebus,
3224 4185 3299 4254 δε

271 4291 348 4364 in
400 4289 562 4362 estis
584 4343 606 4378 ,
647 4287 1182 4382 scriptorumque
1234 4302 1544 4355 veterum
1598 4285 1860 4356 literate
1909 4285 2200 4378 peritus.
2246 4291 2473 4374 Quam
2528 4281 2867 4354 scientiam
2904 4285 3131 4352 Varro
3182 4305 3303 4352 no-

268 4391 400 4462 ster
445 4409 788 4481 acceptam
841 4388 926 4459 ab
975 4389 1143 4476 illo,
1191 4386 1586 4480 austamque
1607 4405 1716 4476 per
1758 4383 1930 4475 lese,
1981 4387 2088 4454 vir
2121 4385 2395 4478 ingenio
2430 4385 2773 4476 praestans,
2824 4385 3142 4478 omnique
3188 4382 3303 4452 do-

269 4494 540 4580 arina,
585 4493 887 4583 pluribus
937 4493 1010 4564 δι
1073 4489 1530 4562 illustrioribus
1583 4488 1792 4558 literis
1834 4487 2237 4580 explicavit.
2290 4487 2415 4558 Sed
2454 4485 2639 4560 idem
2690 4487 2957 4574 AElius,
3008 4489 3305 4571 Stoicus,

262 4596 412 4668 esse
462 4593 680 4678 voluit
721 4621 746 4682 ς
817 4610 1042 4666 orator
1093 4611 1323 4670 autem
1355 4613 1502 4668 mec
1541 4587 1798 4668 -studuit
1845 4611 2148 4688 unquam
2188 4642 2213 4682 ,
2262 4609 2383 4661 nec
2438 4589 2569 4660 fuit
2602 4637 2622 4658 .
2690 4587 3025 4660 Scribebat
3074 4601 3303 4656 tamen

3052 4707 3200 4758 ora-

303 4881 3287 4966 m

345 5030 460 5096 (⁸)
493 5035 580 5090 12
607 5045 850 5112 utaque
882 5035 912 5103 >
951 5031 1138 5096 lamb.
1167 5047 1248 5092 -at
1279 5049 1543 5113 umque.
1815 5033 1944 5108 (b)
1977 5041 2082 5098 tro
2103 5029 2168 5108 se
2200 5029 2589 5108 lego-Lamb-
2622 5027 2775 5092 delet
2796 5023 2897 5103 seg·
