4359 6321
972 406 1592 499 LIBER
1716 401 2529 501 PRIMUS.
2951 413 3151 504 ‘ior

295 549 383 599 eo
425 524 900 598 elaborandum
945 528 1069 595 effe
1118 528 1468 595 arbitretur
1508 581 1530 612 ,
1595 541 1668 593 ut
1707 580 1727 611 ,
1777 548 1912 618 quo
1961 548 2100 595 uno
2147 528 2449 597 homines
2502 525 2797 595 maxime
2850 526 3059 595 bestiis
3108 550 3269 616 prae-

291 632 500 715 flent,
552 632 620 695 in
675 630 806 697 hoe
855 627 1234 700 hominibus
1283 628 1431 717 ipfis
1481 627 1834 696 antecellat
1876 630 1910 690 ἓ
1989 631 2081 693 Ut
2135 648 2291 697 vero
2343 632 2477 707 jam
2530 628 2611 696 ad
2662 631 2781 697 illa
2840 628 3101 698 summa
3154 648 3287 695 vem

289 732 616 817 nia-mun
689 750 832 819 qua:
889 732 987 799 vis
1037 729 1169 796 alia
1219 732 1434 818 potuit·
1507 744 1621 796 aut
1669 726 1991 816 dispersos
2042 728 2351 796 homines
2422 751 2637 797 unum
2706 731 2774 795 in
2830 730 3059 797 locum
3106 748 3283 795 con--

281 850 568 920 gregare
607 882 628 915 ,
679 847 792 898 aut
841 850 882 897 a
936 832 1078 905 fera
1117 884 1138 915 ,
1189 830 1556 921 agrestique
1605 830 1742 896 vita
1793 831 1877 895 ad
1928 831 2112 897 hunc
2165 831 2541 897 humanum
2592 833 2859 899 cultum
2898 886 2919 916 ,
2970 827 3269 897 civilem-

278 951 408 1019 que
465 932 784 1002 deducere
823 984 846 1020 ,
911 948 1023 1001 aut
1077 932 1216 1012 iam
1265 930 1628 1001 constitutis
1679 931 2056 999 civitatibus
2096 982 2117 1015 ,
2170 931 2354 1019 leges
2396 986 2417 1018 ,
2470 932 2713 1010 judicia
2754 982 2777 1016 ‚
2828 934 2977 1009 iura
3028 928 3281 997 descri-⁷

276 1022 496 1101 berea?

377 1136 491 1202 Ac
529 1190 549 1222 ,
601 1154 686 1203 ue
737 1136 926 1223 plura
967 1189 988 1221 ‚
1035 1157 1178 1226 quae
1231 1132 1384 1201 sunt
1437 1156 1596 1221 pene
1647 1132 2152 1201 innumerabilia
2191 1186 2215 1221 ,
2262 1134 2644 1218 consecter,
2696 1133 3273 1221 comprehendam·

274 1232 520 1323 brevi-3
581 1238 676 1304 fic
719 1240 902 1304 enim
953 1237 1168 1307 statuo
1204 1290 1226 1321 ,
1283 1236 1550 1323 perfecti
1602 1238 1874 1302 oratoris
1929 1236 2379 1303 moderatione
2419 1239 2522 1310 ,δι
2606 1234 2913 1321 sapientia
2972 1254 3104 1300 non
3160 1232 3269 1296 so·

275 1337 430 1405 lum
481 1338 680 1424 ipfius
727 1338 1123 1427 dignitatem
1161 1388 1180 1421 ,
1233 1334 1342 1403 sed
1395 1342 1468 1409 &
1521 1337 1934 1425 privatorum
1986 1337 2425 1423 plurimorum
2465 1388 2487 1419 ,
2536 1340 2609 1405 &
2666 1335 2989 1402 universae
3044 1335 3261 1419 reipu-

275 1433 465 1504 blicae
521 1436 802 1505 salutem
854 1440 1146 1505 maxime
1195 1440 1556 1507 contineri.
1613 1436 2071 1521 Quamobrem
2125 1441 2419 1525 pergite,
2472 1436 2824 1518 utfacitiS‚
2876 1432 3275 1502 adolescen-·

275 1550 416 1601 tes:
475 1552 668 1625 atque
722 1540 789 1603 in
843 1538 909 1606 id
963 1536 1250 1607 studium
1301 1542 1370 1606 in
1421 1560 1560 1631 quo
1607 1537 1795 1624 estis,
1847 1537 2207 1606 incumbite
2245 1593 2264 1623 ,
2336 1553 2411 1603 ut
2466 1539 2537 1604 &
2598 1532 2779 1603 vobis
2826 1535 3123 1618 honori,
3182 1538 3253 1603 &t

273 1635 514 1701 amicis
563 1637 869 1725 utilitati,
922 1643 991 1709 &
1049 1641 1412 1728 reipublicae
1463 1642 1924 1710 emolumento
1973 1642 2096 1707 effe
2136 1640 2418 1727 poffitis.

377 1737 498 1803 IX.
549 1740 735 1806 Tum
787 1732 1074 1809 Scaevola
1125 1744 1442 1827 comiter,
1493 1760 1570 1809 ut
1632 1740 1913 1827 solebat,
1963 1739 2252 1825 Caete’ra,
2304 1738 2564 1829 inquit,
2614 1736 2914 1805 affentior
2968 1737 3195 1803 Craffo
3234 1788 3259 1821 ,

273 1850 366 1901 ne
415 1850 528 1899 aut
579 1836 664 1902 de
711 1844 784 1902 C.
839 1842 1065 1923 Laelii,
1119 1840 1318 1908 soceri
1369 1844 1500 1907 mei
1542 1892 1562 1923 ,
1633 1858 1746 1908 aut
1795 1842 1874 1908 de
1923 1843 2122 1919 hujus
2171 1844 2441 1930 generis
2483 1892 2503 1923 ,
2552 1854 2665 1907 aut
2715 1856 2895 1924 arte,
2942 1852 3057 1905 aut
3112 1838 3253 1926 glo·

271 1933 378 1997 ria
429 1930 824 1999 detrahamz
899 1936 1006 2002 sed
1063 1938 1174 2002 illa
1223 1938 1356 2005 duo·
1396 1992 1417 2025 ,
1487 1941 1700 2006 Craffe
1742 2004 1761 2033 ‚
1831 1962 2058 2008 vereor
2100 1993 2121 2026 ,
2188 1961 2263 2008 ut
2333 1940 2449 2007 tibi
2544 1938 2767 2025 poffim
2837 1936 3201 2008 concedere
3234 1984 3255 2003 .

269 2036 557 2116 Unum,
608 2034 782 2121 quod
837 2033 920 2101 ab
969 2035 1328 2102 oratoribus
1376 2038 1678 2105 civitates
1745 2041 1816 2104 &
1871 2040 1952 2103 ab
2001 2041 2191 2105 initio
2240 2040 2619 2105 constitutas
2658 2091 2677 2122 ,
2754 2041 2825 2106 &
2884 2038 3042 2127 saepe
3094 2060 3261 2105 con-

265 2128 568 2197 servatas
617 2134 740 2199 esse
790 2133 1042 2201 dixisti.
1093 2138 1449 2221 Alterum,
1501 2136 1679 2225 quo'd
1721 2188 1740 2220 ,
1809 2152 2066 2203 remoto
2119 2138 2263 2202 foro
2300 2188 2323 2222 ,
2370 2136 2685 2201 concione
2724 2188 2743 2221 ,
2795 2139 3053 2213 judiciis
3088 2192 3109 2223 ,
3162 2138 3259 2203 s<-

265 2248 482 2314 natu,
529 2230 833 2319 statuisti,
883 2251 1218 2303 oratorem
1273 2239 1340 2305 in
1395 2238 1582 2303 omni
1635 2255 1878 2324 genere
1930 2236 2299 2323 sermonis,
2347 2236 2419 2305 ὅ(
2474 2236 2901 2303 humanitatis
2952 2238 3069 2303 effe
3108 2258 3257 2323 per-

265 2331 566 2400 festum.

371 2436 542 2518 Qis
591 2438 772 2503 enim
821 2437 934 2505 tibi
987 2438 1112 2509 hoc
1164 2440 1541 2510 concesserit
1598 2488 1622 2523 ‚
1689 2456 1804 2513 aut
1853 2442 2042 2510 initio
2090 2460 2302 2532 genus
2352 2441 2748 2508 hominum-
2780 2441 2847 2505 in
2924 2434 3261 2505 montibus

265 2554 348 2601 ac
409 2535 592 2603 silvis
647 2538 1068 2627 dissipatum,
1121 2564 1253 2609 non
1311 2544 1708 2631 prudentum
1779 2543 2068 2609 confiliis
2117 2542 2537 2629 compulsum
2592 2543 2847 2630 potius,
2897 2560 3100 2628 quam
3154 2538 3251 2605 di-

261 2633 605 2701 sertorum
655 2641 958 2707 oratione
1007 2642 1397 2727 delinitum,
1453 2643 1516 2709 se
1567 2644 1818 2735 oppidis
1853 2696 1872 2727 ,
1924 2641 2385 2731 moenibusque
2440 2642 2727 2729 stpfflse?
2780 2657 2891 2707 aut
2942 2661 3100 2707 vero
3148 2658 3251 2706 re-

259 2735 492 2823 liquas
543 2738 899 2824 utilitates,
951 2756 1064 2808 aut
1113 2744 1524 2811 instituendis
1561 2800 1580 2830 ,
1649 2762 1766 2813 aut
1814 2744 2277 2813 conservandis
2329 2740 2707 2812 civitatibus
2744 2796 2765 2827 ‚
2836 2761 2967 2809 non
3042 2760 3081 2805 a
3146 2738 3253 2805 ‘sa-

259 2835 586 2923 pientibus
641 2840 713 2906 &
773 2839 1050 2911 fortibus
1101 2846 1258 2911 viris
1300 2900 1320 2931 ,
1371 2844 1480 2911 sed
1533 2866 1572 2911 a
1618 2846 1869 2913 disertis
1906 2899 1929 2932 ,
1998 2849 2068 2915 δε
2129 2860 2361 2911 ornate
2412 2843 2777 2911 dicentibus
2846 2842 2964 2909 effe
3016 2839 3253 2907 consti-

259 2940 498 3005 tutas?
551 2939 664 3003 An
715 2960 874 3008 vero
923 2943 1038 3009 tibi
1094 2950 1430 3013 Romulus
1497 2948 1611 3014 ille
1663 2963 1778 3017 aut
1843 2946 2129 3035 pastores
2202 2948 2273 3014 ὅ(
2348 2966 2689 3012 convenas
2756 2942 3177 3031 congregaffe
3226 2995 3249 3029 ,

257 3054 382 3101 aut
435 3034 823 3105 Sabinorum
891 3045 1218 3111 connubia
1272 3048 1741 3133 coniunxisse,
1851 3064 1922 3117 ut
1973 3048 2416 3114 finitimorum
2492 3048 2632 3111 vim
2702 3044 3042 3133 repreffiffe
3112 3042 3247 3109 elo-

263 3136 542 3222 quentia
585 3135 886 3224 videtur,
933 3163 1071 3210 non
1123 3146 1432 3229 confilio,
1483 3150 1550 3216 &
1611 3068 1920 3234 sapienZtia
1975 3146 2351 3236 fingulari?
2404 3147 2630 3229 Qrid?
2690 3148 2756 3214 in
2798 3150 3022 3213 Numa
3048 3148 3275 3210 Pom«-

257 3234 477 3320 pilio,
526 3236 740 3324 quid?
797 3241 862 3303 in
917 3245 1048 3306 Ser.
1102 3245 1374 3326 Tullio,
1425 3247 1624 3332 quid?
1682 3249 1750 3312 in
1800 3245 2361 3332 caeteris-regimus
2402 3297 2422 3328 ‚
2486 3267 2779 3333 quorum
2832 3247 3043 3310 multa
3098 3245 3245 3308 sunt

259 3339 519 3403 eximia
579 3335 660 3404 ad
712 3339 1238 3407 constituendam
1295 3343 1828 3430 rempublicam,
1877 3366 2045 3411 num
2095 3341 2275 3430 quod
2324 3343 2713 3428 eloquentiae
2770 3341 3247 3426 vestigiumap·

257 3441 500 3526 paret?
555 3439 782 3526 Quid?
833 3443 1084 3510 exactis
1133 3441 1440 3530 regibuS,
1491 3454 1516 3528 (
1573 3445 1828 3510 tametsi
1883 3441 2089 3529 ipsam
2144 3437 2563 3505 exaaionem
2615 3454 2876 3522 mente,
2932 3459 3065 3504 non
3126 3440 3251 3503 lin-

257 3559 442 3627 gua,
496 3539 854 3629 perfectam
910 3547 996 3608 L.
1047 3544 1233 3609 Bruti
1284 3541 1404 3608 esse
1454 3544 1796 3608 cernimus
1839 3551 1870 3626 )
1925 3539 2030 3607 sed
2081 3540 2386 3626 deinceps
2437 3543 2665 3608 omnia
2704 3594 2723 3625 ,
2781 3559 3001 3605 nonne
3055 3539 3249 3628 plena

256 3641 742 3724 consiliorum,
793 3641 1018 3707 inania
1075 3644 1428 3709 verborum
1487 3643 1838 3710 videmus?
1894 3645 2040 3731 Ego
2093 3661 2247 3706 vero
2299 3640 2343 3704 fi
2417 3640 2617 3708 velim
2672 3643 2739 3708 δε
2798 3638 3025 3706 nostra*
3078 3642 3249 3707 civi-

255 3741 425 3806 tatis
479 3741 814 3829 exemplis
857 3744 1008 3825 uti,
1085 3745 1152 3810 δε
1213 3745 1500 3808 aliarum,
1534 3795 1553 3827 ,
1623 3745 1814 3830 plura
1865 3741 2160 3829 proferre
2232 3738 2453 3826 poffim
2506 3742 2897 3808 detrimenta
2966 3740 3243 3826 publicis
3316 3817 3329 3824 ,

253 3837 496 3925 rebuS,
545 3862 748 3928 quam
799 3842 1338 3930 adjumenta‚per
1388 3845 1693 3910 homines
1740 3841 2293 3931 eloquentiffimos
2343 3843 2695 3928 importata
2733 3865 2755 3903 .-
2814 3839 2968 3924 sed,
3018 3859 3089 3908 ut
3144 3863 3248 3910 re-

253 3941 452 4029 liqua
498 3943 1029 4028 praetermittam,
1077 3945 1388 4012 omnium
1445 3945 1608 4012 mihi
1663 3943 1923 4029 videor,
1971 3945 2302 4031 exceptis,
2352 3947 2611 4028 Craffe,
2666 3941 2849 4010 vobis
2901 3941 3159 4009 duobus
3217 3981 3239 4014 2

251 4041 824 4130 eloquentissimos
870 4045 1104 4112 audiss'e
1159 4045 1304 4110 Tib.
1369 4047 1438 4112 &
1493 4051 1570 4110 C.
1620 4047 2038 4132 Sempronios
2079 4097 2106 4130 ,
2167 4063 2455 4132 quorum
2505 4062 2686 4134 pater
2726 4099 2753 4128 ,.
2814 4043 3017 4110 homo
3086 4065 3241 4130 pru-

256 4142 458 4224 denS,
514 4143 585 4210 ὃ(
645 4144 908 4231 gravisi,
957 4144 1470 4234 haudquaquam
1519 4146 1871 4234 eloquens,
1927 4150 1994 4214 &
2058 4145 2213 4235 saepe
2268 4147 2465 4230 aliaS,
2520 4151 2591 4214 &
2623 4147 2911 4213 maxime
2964 4143 3240 4229 censor,

251 4237 874 4330 saluti'reipnblicae
929 4243 1090 4309 fuit.
1153 4249 1372 4333 Aque
1424 4247 1476 4310 is
1533 4267 1668 4312 non
1721 4263 2038 4315 accurata
2089 4245 2375 4336 quadam
2426 4250 2743 4314 orationis
2814 4249 2995 4336 copia
3039 4299 3059 4332 ,
3133 4244 3241 4314 sed

255 4357 426 4409 :nutu
478 4359 679 4432 atque
737 4343 944 4411 verbo
987 4345 1321 4413 li'wertinos
1376 4345 1448 4410 in
1494 4345 1772 4411 urbanas
1826 4347 2040 4413 tribus
2091 4347 2480 4435 transtulit·r
2524 4345 2697 4437 quod
2756 4347 2873 4414 nist
2928 4345 3165 4416 fecisset
3222 4398 3251 4433 ,

253 4443 774 4530 rempublicam,
827 4467 1028 4534 quam
1081 4469 1261 4514 nunc
1313 4448 1421 4513 vix
1477 4461 1815 4532 tenemus,
1865 4448 2111 4526 iamdiu
2169 4449 2427 4514 nulla-m
2478 4448 2863 4516 haberemus
2902 4497 2921 4514 .
2980 4453 3072 4514 At
3128 4469 3239 4516 ve·

256 4563 334 4611 ro
379 4547 528 4624 ejus
581 4547 702 4614 filii
753 4545 1020 4632 dilen-ti,
1066 4549 1132 4614 ὃς
1213 4547 1516 4614 omnibus
1593 4553 1694 4614 vel
1757 4531 2023 4615 naturae'
2077 4549 2187 4616 vel
2256 4549 2571 4618 dostrinae
2628 4551 2929 4638 praefidiis
3002 4551 3083 4614 ad
3132 4549 3241 4617 di·

259 4648 552 4714 cendum
609 4650 812 4734 parati
849 4701 869 4731 ,
918 4669 1073 4713 cum
1126 4651 1460 4716 civitatem
1532 4649 1636 4715 vel
1709 4669 1988 4736 paterno
2033 4651 2301 4717 consilio
2344 4705 2363 4736 ,
2437 4651 2535 4717 vel
2596 4654 2786 4718 avitis
2862 4653 3066 4716 armis
3124 4647 3247 4716 flo-

261 4749 694 4814 rentiffimam
750 4750 1168 4838 accepifl'ent,
1223 4749 1338 4814 ista
1391 4751 1706 4836 praeclara
1758 4749 2262 4838 gubernatrice,
2316 4770 2387 4818 ut
2441 4755 2535 4820 ais
2557 4806 2587 4839 ,.
2620 4754 2981 4836 ,civitatum
3018 4803 3051 4838 ,
3107 4749 3238 4814 elo·

263 4851 534 4936 quentia
589 4846 1066 4935 rempublicam
1119 4850 1619 4937 diffipaverunt.

364 4953 456 5021 X.
505 4949 742 5037 (ζυὶἀὲ
787 4953 967 5046 leges
1022 4970 1274 5020 veteres
1317 5001 1344 5040 ,⁸
1409 4952 1752 5044 moresque
1802 4955 2170 5036 maiorum:
2228 4957 2433 5046 quid?
2487 4957 2766 5043 auspicia
2806 5009 2839 5042 ‚,
2876 4951 3107 5040 quibus
3160 4957 3231 5024 δε

2974 5073 3152 5144 egO,
