4359 6321
1021 431 2389 533 oR‘AToRIBUS.
2952 458 3131 577 351

271 550 532 643 velim;
587 564 706 615 nec
755 544 962 615 velim
1014 547 1320 637 fortasse„
1371 552 1420 619 fi
1475 552 1738 641 poffim.
1792 554 1888 620 Ut
1921 606 1946 641 ,
1995 556 2045 623 fi
2097 564 2246 650 quis
2298 562 2585 634 Falerno
2652 565 2813 637 vino
2859 568 3221 647 delectetur

275 644 392 720 sed
443 670 526 715 eo
575 669 696 717 nec
745 649 838 713 ita
891 668 1066 716 novo
1104 701 1126 735 ,
1194 668 1290 740 uti
1341 653 1660 739 proximis
1713 652 2092 725 consulibus
2141 677 2379 731 natum
2434 668 2597 735 velit
2636 695 2661 756 ,-
2716 689 2837 741 nec
2895 672 3124 743 rursus
3174 630 3273 747 ὴὲ

271 770 548 834 vetere,
601 766 677 817 ut
723 751 1076 839 Opimium
1115 802 1139 837 ,
1213 768 1326 819 aut
1379 752 1699 829 Anicium
1746 754 2092 826 consulem
2145 782 2429 852 quaerat.
2500 771 2705 860 Atqui
2755 790 2843 841 εκ
2892 788 3063 843 notae
3114 774 3266 845 sunt

271 852 575 942 optimae.
625 853 844 919 Credo
883 874 907 913 .-
968 850 1074 918 sed
1127 852 1332 919 nimia
1411 852 1690 923 vetustas
1732 852 1877 925 'nec
1929 855 2128 929 habet
2181 883 2371 953 eam,
2421 890 2625 960 quam
2673 876 3069 964 quaerimuS,
3122 874 3269 945 sua-

270 956 552 1023 vitatem
589 1004 612 1039 ,
681 974 804 1021 nec
852 948 946 1020 est
997 950 1137 1029 jam
1190 952 1340 1019 iane
1396 952 1759 1022 tolerabilis
1797 1007 1814 1023 .
1887 960 2074 1027 Num
2141 962 2351 1050 igitur
2400 972 2511 1058 qui
2564 972 2685 1041 hoc
2737 974 2973 1044 sentiat
3104 977 3154 1045 fi
3204 978 3265 1044 ῖς

273 1071 497 1145 potare
546 1052 753 1139 velit,
799 1051 882 1121 de
927 1051 1106 1121 dolio
1157 1053 1266 1121 srbi
1315 1052 1768 1125 hauriendum
1823 1064 2066 1148 putet?
2119 1058 2444 1135 Minime:
2500 1069 2607 1139 sed
2644 1074 2979 1162 quandam
3012 1030 3263 1170 ’sequa-

269 1174 389 1225 tur
438 1171 702 1225 aetatem
740 1202 757 1221 .
838 1155 946 1223 Sic
999 1174 1130 1246 ego
1177 1154 1313 1223 istis
1365 1152 1734 1225 censuerim
1780 1209 1802 1244 ,
1871 1162 1944 1231 &
2000 1183 2250 1233 novam
2301 1166 2489 1237 istam
2539 1174 2723 1261 quafi
2772 1176 2860 1242 de
2914 1178 3129 1246 musto
3180 1200 3261 1247 ιο

271 1257 426 1327 lacu
498 1255 828 1326 fervidam
891 1257 1262 1324 orationem
1301 1306 1326 1341 ‚
1375 1254 1810 1347 fugiendam,
1861 1281 1984 1329 nec
2037 1264 2230 1331 illam
2278 1269 2659 1356 praeclaram
2712 1274 3099 1359 Thucydidi
3154 1281 3255 1345 111.

269 1361 405 1426 mis
460 1374 788 1442 veterem,
838 1374 1152 1445 tanquam
1205 1357 1609 1427 Anicianam
1659 1376 1888 1429 notam
1926 1415 1952 1447 ,
2024 1364 2583 1458 persequendam,
2638 1371 2782 1462 Ipse
2832 1376 3015 1443 enim
3064 1376 3257 1445 Thu.

265 1458 552 1545 cydides
601 1456 648 1523 fi
695 1456 1010 1544 ,posterius
1058 1456 1314 1543 fuisset,
1364 1464 1586 1530 multo
1637 1463 1960 1529 maturior
2007 1464 2266 1553 fuisset„
2320 1472 2393 1539 δι
2448 1474 2722 1542 mitior,

371 1556 754 1629 LXXXIV.
809 1556 1317 1628 Demosthenem
1370 1561 1578 1652 igitur
1631 1562 2009 1635 imitemur..
2066 1568 2129 1630 0
2186 1568 2276 1635 dii
2326 1565 2524 1637 bon-i!
2581 1570 2783 1660 quid,
2833 1574 3091 1665 quaeso,
3140 1598 3260 1646 nos

269 1658 456 1739 aliud
510 1664 812 1760 agimus,
863 1678 977 1743 aut
1031 1661 1190 1753 quid
1244 1661 1424 1731 aliud
1471 1681 1782 1753 optamus
1822 1669 1861 1735 ,ἓ
1931 1670 2021 1733 At
2073 1689 2209 1763 non
2263 1670 2694 1762 affequimur,
2745 1672 2855 1741 Isti
2900 1678 3093 1745 enim
3146 1680 3270 1745 νὺ·

267 1769 514 1839 delicet
571 1767 776 1836 Attici
843 1766 1045 1835 nostri
1089 1818 1112 1852 ,
1176 1764 1356 1855 quod
1411 1766 1646 1835 volunt
1686 1819 1708 1852 ,
1776 1763 2197 1860 assequuntur
2237 1819 2254 1835 .
2308 1774 2411 1840 Ne
2465 1771 2639 1844 illud
2694 1770 2961 1864 quidem
3012 1777 3249 1845 intelli-

265 1886 442 1962 gunt
477 1922 500 1957 ,
567 1890 704 1939 non
755 1868 954 1935 modo
1006 1868 1098 1935 ita
1149 1869 1480 1935 memoriae
1529 1868 1864 1955 proditum
1915 1870 2038 1938 effe
2077 1924 2100 1956 ,
2169 1868 2277 1939 sed
2339 1874 2438 1940 ita
2509 1875 2749 1943 necesse
2798 1872 2987 1945 fuiffe
3020 1927 3049 1962 ,
3096 1898 3261 1947 cum

265 1968 744 2039 Demosthenes
787 1968 1082 2041 disturus
1151 1966 1298 2037 effer
1337 2018 1360 2053 ‚
1407 1984 1484 2040 ut
1533 1968 1895 2043 concursus
1935 2022 1962 2057 ,
2011 1970 2317 2049 audiendi
2374 1974 2613 2062 causa,
2662 1996 2750 2043 ex
2802 1990 2941 2043 tota
2990 1978 3253 2046 Graecia

269 2072 504 2141 fierent
541 2120 558 2137 .
636 2076 730 2137 At
778 2092 936 2138 cum
980 2070 1083 2140 isti
1136 2068 1340 2139 Attici
1395 2067 1628 2141 dicunt
1666 2124 1686 2156 ,
1730 2090 1872 2142 non
1922 2072 2120 2143 modo
2167 2094 2207 2145 a
2250 2095 2555 2163 corona„
2619 2078 2847 2165 (quod
2898 2076 2991 2145 est
3040 2076 3255 2166 ipsum

265 2171 695 2259 miserabile)
743 2170 860 2241 sed
897 2171 1106 2239 ‹ctiam
1158 2167 1240 2235 ab
1289 2170 1630 2240 advocatis
1681 2170 2151 2261 relinquuntur
2179 2219 2201 2242 .
2240 2178 2473 2261 Quare
2530 2176 2577 2244 st
2614 2175 2932 2268 anguste,
2984 2179 3055 2252 &
3114 2180 3255 2247 exi-

261 2275 423 2343 liter
472 2272 729 2359 dicere,
773 2272 868 2341 est
915 2274 1300 2347 Atticorum
1339 2324 1362 2357 ,
1418 2272 1540 2345 sint
1589 2270 1746 2379 sarge
1795 2274 2004 2343 Attici
2035 2301 2063 2349 2·
2118 2274 2225 2347 sed
2269 2279 2345 2346 in
2392 2279 2745 2353 comitium
2796 2282 3108 2366 veniant,
3162 2276 3247 2347 ad

265 2376 575 2447 stantem-
625 2374 910 2455 judicem
981 2374 1268 2477 dicant„
1341 2370 1658 2445 subsellia
1725 2376 2143 2465 grandiorem
2183 2430 2209 2467 a
2244 2382 2325 2455 ,ἀ
2380 2379 2747 2471 pleniorem
2795 2400 3030 2451 vocem
3077 2378 3247 2449 defi-

253 2476 542 2559 derant,
1107 2510 1110 2515 ·
1967 2550 1972 2557 ,

269 2642 278 2651 .
366 2581 552 2649 Volo
599 2580 730 2651 hoc
783 2583 1032 2653 oratori
1078 2583 1473 2675 contingat,
1520 2598 1596 2650 ut
1643 2603 1802 2651 curn
1853 2582 2154 2675 auditum
2210 2584 2287 2655 fit
2339 2606 2498 2655 eum
2548 2584 2671 2655 effe
2722 2582 3104 2668 dicturum,
3152 2582 3251 2649 lo·

261 2704 384 2753 cus
438 2681 508 2749 in
561 2680 876 2753 subselliis
925 2704 1324 2775 occupetur,
1373 2684 1786 2773 compleatur
1837 2684 2174 2775 tribunal,
2224 2686 2494 2775 gratiosi
2546 2685 2767 2755 scriba:
2820 2682 3053 2752 sintin
3090 2678 3249 2750 dan-

259 2784 353 2853 do
405 2784 478 2852 δε
531 2782 824 2853 cedendo
875 2784 1067 2872 loco,
1113 2806 1362 2855 corona
1412 2784 1770 2873 multiplex
1814 2838 1836 2872 ,
1911 2786 2112 2864 iudex
2163 2787 2465 2856 erectus:
2516 2808 2674 2855 cum
2732 2786 2940 2873 surgit
2992 2784 3087 2871 is,
3134 2786 3250 2875 qui

261 2882 562 2953 dians
609 2884 728 2973 fit,
781 2885 1182 2975 significetur
1238 2908 1276 2953 a
1325 2904 1574 2953 corona
1627 2886 2006 2971 silentium,
2053 2887 2283 2957 deinde
2308 2887 2557 2957 crebrae
2586 2885 3017 2973 ‚assensionem
3072 2882 3248 2952 mul-

253 3001 344 3053 tae
392 2984 898 3057 admirationes:
951 2985 1169 3076 risus,
1220 3007 1381 3061 cum
1435 2987 1644 3075 velit,-
1697 3008 1860 3057 cum
1918 2986 2120 3076 velit,
2167 2986 2413 3061 fietus:
2468 3005 2545 3057 ut
2586 3041 2609 3075 ,
2656 2989 2769 3079 qui
2822 2986 2959 3055 haec
3012 2985 3246 3076 procul

260 3084 478 3154 videat
526 3096 560 3171 ‚’
613 3086 866 3155 etiamst
905 3138 928 3173 ,
979 3088 1138 3176 quid
1187 3106 1424 3177 agatur
1460 3138 1490 3174 ,
1539 3085 1823 3176 nesciat3
1879 3103 1946 3154 at
1997 3088 2253 3176 placere
2299 3106 2522 3159 tamen
2556 3142 2589 3178 .,
2636 3094 2709 3164 ὅτ,
2767 3091 2835 3157 in
2890 3087 3078 3157 scena
3127 3084 3253 3156 effe

261 3183 584 3252 Roscium
645 3185 985 3274 intelligat
1025 3235 1040 3250 .
1113 3190 1271 3256 Haec
1319 3189 1436 3255 ‚cui
1487 3189 1880 3276 contingant
1907 3239 1939 3273 ,,
2007 3205 2179 3256 eum·
2237 3191 2398 3258 scito
2447 3192 2673 3258 Attice
2714 3189 2932 3258 dicere
2971 3243 2994 3277 ,
3044 3204 3117 3257 ut
3164 3191 3249 3256 de

263 3283 520 3357 Pericle
573 3283 961 3355 audivimus
993 3337 1016 3374 ,
1064 3301 1142 3355 ut
1189 3284 1271 3352 de
1319 3284 1714 3373 Hyperide,
1776 3302 1852 3356 ut
1899 3289 1984 3354 de
2033 3285 2355 3356 AEschine
2395 3340 2418 3375 ,
2468 3290 2553 3357 de
2596 3286 2743 3376 ipso
2791 3290 3066 3377 quidem
3120 3293 3249 3356 De-

261 3384 604 3456 mosthene
655 3387 950 3456 maxime
969 3433 988 3456 .
1489 3465 1498 3472 ,
1939 3447 1946 3453 .

359 3489 476 3556 Sin
527 3505 755 3558 autem
806 3493 1084 3561 acutum
1125 3542 1147 3578 ,
1215 3485 1498 3578 prudens
1539 3537 1562 3573 ,
1613 3491 1688 3559 δι
1744 3485 1921 3556 idem
1971 3485 2347 3575 sincerum,
2398 3489 2470 3557 &
2524 3483 2858 3573 solidum,
2910 3488 2981 3556 &
3016 3485 3246 3558 exfic-

259 3605 498 3660 catum
548 3611 759 3680 genus
807 3595 1130 3661 orationis
1179 3588 1495 3680 probant,
1549 3611 1668 3657 nec
1721 3587 1844 3656 illo
1891 3590 2205 3680 graviore
2254 3604 2492 3658 ornatu
2542 3587 2829 3656 oratorio
2878 3601 3164 3656 utuntur
3218 3640 3243 3676 ,

260 3691 336 3764 δε
391 3691 518 3760 hoc
567 3695 909 3782 proprium
957 3693 1078 3763 effe
1129 3692 1513 3759 Atticorum
1587 3688 1878 3775 volunt;
1953 3689 2124 3758 recte
2176 3691 2459 3764 laudant
2496 3739 2521 3756 .
2594 3687 2705 3754 Est
2753 3689 2935 3756 enim
2984 3687 3053 3760 in
3106 3678 3246 3756 art'e

257 3805 485 3886 tanta,
536 3807 808 3886 tamque
859 3795 1082 3883 varia,
1131 3795 1334 3861 etiam
1372 3792 1544 3859 ‚huic
1599 3791 1876 3860 minutae
1931 3787 2271 3858 subtilitati
2322 3791 2551 3862 locus.
2604 3791 2709 3856 Ita
2764 3787 2924 3873 fiet,
2974 3807 3050 3856 ut
3104 3787 3251 3858 nou

257 3912 496 3960 omnes
533 3945 556 3979 ,
622 3896 737 3984 qui
788 3895 1054 3984 Attice,
1105 3895 1306 3964 iidem
1354 3891 1518 3960 bene
1555 3917 1580 3978 ;
1647 3889 1818 3978 sed,
1879 3909 1964 3960 ,ιιι
2015 3889 2245 3959 omnes
2282 3943 2303 3976 ,
2374 3895 2485 3982 qui
2538 3889 2745 3978 bene,
2793 3888 2995 3956 iidem
3044 3891 3248 3958 etiam

257 3993 486 4062 Attice
538 3992 802 4066 dicant.
852 3995 978 4065 Sed
1031 3995 1380 4066 redeamus
1432 3991 1666 4061 rursus
1714 3991 1801 4058 ad
1855 3991 2329 4062 Hortensium.

359 4097 708 4166 LXXXV.
759 4103 930 4167 Sane
974 4095 1296 4189 quidem,
1342 4093 1556 4184 inquit
1607 4095 1892 4172 Brutus:
1940 4114 2331 4186 quanquam
2372 4091 2499 4162 ista
2552 4093 2715 4161 mihi
2765 4105 2881 4160 tua
2934 4089 3061 4158 fuit
3090 4109 3245 4178 per-

263 4195 546 4275 jucunda
601 4217 641 4264 a
687 4197 1008 4289 proposita
1057 4201 1352 4267 oratione
1395 4194 1696 4286 digteflio
1728 4242 1747 4261 .
1815 4196 2004 4264 Tum
2077 4196 2343 4264 Atticus
2370 4247 2405 4282 .,
2476 4193 2853 4286 Aliquoties
2908 4190 3101 4277 sum,
3149 4193 3250 4259 in-

261 4298 444 4388 quit,
491 4316 810 4389 conatus,
871 4298 982 4366 sed
1035 4295 1466 4388 interpellat-,e
1517 4296 1740 4364 nolui.
1793 4297 1996 4367 Nunc
2036 4347 2059 4381 ,
2108 4296 2432 4387 quoniam
2484 4295 2569 4362 ad
2603 4292 3063 4387 *perorandum
3116 4289 3249 4384 spe-

261 4395 437 4467 &are
489 4398 750 4469 videtur
809 4401 1022 4470 strmo
1070 4415 1273 4486 tuuc,
1323 4395 1588 4483 dicam,
1637 4397 1908 4486 opinor,
1955 4395 2134 4487 quod
2191 4395 2435 4464 sentio,
2488 4397 2603 4464 Tu
2658 4416 2819 4464 vero
2850 4447 2878 4485 ,
2928 4394 3251 4487 inquam,

262 4501 456 4569 Tite.
510 4503 696 4571 Tum
748 4503 908 4594 ille,
949 4503 1141 4593 Ego,
1193 4498 1449 4592 inquit,
1494 4498 1778 4566 ironiam
1826 4496 2068 4584 illam,
2113 4515 2321 4588 quatu
2371 4497 2441 4564 in
2491 4501 2756 4566 Socrate
2803 4495 3038 4564 dicunt
3094 4491 3251 4563 fuis·

261 4601 368 4689 se,
415 4621 548 4692 qua
597 4603 714 4671 ille
763 4606 834 4673 in
888 4602 1240 4692 Platonis,
1293 4603 1362 4673 ὅ(
1421 4598 1890 4689 Xenophontis
1928 4650 1950 4686 ,
2025 4601 2097 4670 &
2155 4596 2497 4668 AEscbinis
2550 4595 2729 4665 libris
2773 4599 3030 4682 -utitur,
3080 4595 3253 4663 face-

261 4723 398 4772 tam
453 4704 526 4772 &
580 4701 961 4793 elegantem
1001 4721 1176 4794 *puto
1211 4753 1230 4776 .
1300 4700 1412 4772 Est
1445 4703 1640 4771 enim
1694 4703 1764 4778 δε
1823 4700 2098 4770 minime
2167 4699 2370 4788 inepti
2424 4701 2717 4768 hominis
2761 4752 2783 4785 ,
2836 4701 2904 4769 &
2960 4694 3253 4777 eiusdem

259 4810 460 4874 ctiam
513 4801 710 4872 faceti
754 4842 782 4890 ,·
839 4825 1000 4874 cum
1047 4807 1127 4878 de
1181 4805 1490 4896 sapientia
1558 4801 1958 4893 disceptetur
1999 4856 2022 4892 ,
2067 4802 2244 4870 hanc
2299 4798 2409 4869 fibi
2462 4803 2679 4890 ipsum
2732 4799 3109 4882 detrahere,
3156 4796 3251 4864 eis

258 4899 553 4975 tribuere
603 4902 1044 4994 illudentem,
1094 4910 1208 4998 qui
1255 4927 1406 4976 eam
1459 4903 1572 4978 fibi
1647 4922 1959 4998 arrogant
2004 4927 2022 4970 ε
2075 4921 2152 4974 ut
2204 4903 2379 4992 apud
2434 4904 2783 4971 Platonem
2834 4907 3124 4967 Socrates
3179 4897 3253 4964 in

255 5002 504 5094 alum
551 5001 742 5076 effert
793 5004 1098 5080 laudibus
1150 5015 1658 5099 Protagoram,
1729 5007 2046 5098 Hippiam
2089 5011 2134 5096 ,'
2182 5001 2537 5074 Prodicum
2574 5055 2600 5091 ,
2644 5000 3021 5091 Gorgiam,
3068 5014 3253 5066 caete-

445 5109 638 5182 'fom-
688 5113 745 5182 Ι.
1859 5175 1869 5182 ,
2230 5106 2289 5165 Ζ
2344 5122 2381 5170 z
2760 5101 2773 5116 ⁸
2984 5119 3143 5186 1¹03,-

3913 6 3936 11 v
3951 4 4348 26 vv-v-fissvfi
