4359 6321
1320 519 1487 581 202
2053 483 2288 575 DE
2405 480 3367 573 ORATORE

1180 610 1365 697 abige
1418 606 1734 695 muscas?
1808 604 2047 674 Risum
2098 602 2388 694 quaefivit
2431 654 2451 686 ,
2520 603 2632 689 qui
2687 600 2782 669 est
2825 654 2846 685 ‚
2916 620 3060 668 mea
3138 600 3458 671 sententia
3498 652 3520 685 ‚
3589 600 3695 667 vel
3769 602 4176 673 tenuissimus

1182 707 1433 799 ingenii
1491 706 1748 775 fruetus
1785 758 1800 773 .
1874 710 2174 793 Tempus
2245 696 2448 793 igitur
2517 698 2772 769 dicendi
2842 702 3190 791 prudentia
3266 706 3336 773 &
3411 702 3742 790 gravitate
3810 704 4180 773 moderabi-

1182 832 1391 878 mur:
1442 830 1729 898 quarum
1780 809 2042 876 utinam
2094 816 2306 872 artem
2361 804 2654 893 aliquam
2705 800 3135 871 haberemus!
3205 802 3313 870 sed
3361 802 3634 869 domina
3685 817 3926 869 natura
3975 804 4102 873 est.

1286 910 1465 979 LXI.
1518 914 1719 977 Nunc
1772 926 2182 996 exponamus
2235 922 2476 993 genera
2529 902 2663 991 ipsa
2718 903 3103 971 summatim
3154 954 3174 985 ‚
3227 925 3374 991 quae
3425 902 3635 971 'risum
3689 908 3982 973 maxime
4039 928 4180 977 mo-

1182 1029 1413 1079 veant.
1470 1015 1629 1079 Haec
1686 1011 1884 1099 igitur
1936 1009 2015 1075 sit
2068 1009 2277 1095 prima
2331 1004 2652 1093 partitio;
2726 1003 2898 1092 quod
2969 1004 3180 1067 facete
3249 1002 3508 1069 dicatur
3543 1054 3563 1089 ‚
3615 1002 3686 1069 id
3751 1004 3917 1073 alias
3983 1008 4050 1073 in
4108 1030 4180 1077 re

1174 1111 1457 1196 habere,
1505 1112 1663 1178 alias
1714 1112 1783 1176 in
1836 1106 2037 1175 verbo
2094 1104 2400 1175 facetias:
2450 1104 2745 1172 maxime
2792 1120 3018 1171 autem
3069 1101 3370 1172 homines
3419 1103 3728 1173 delectari
3765 1158 3784 1192 ,
3864 1106 3911 1174 fi
3963 1130 4176 1197 quan.

1176 1217 1263 1279 do
1314 1212 1480 1281 risus
1534 1208 1882 1290 conjuncte
1931 1229 2004 1275 re
2056 1207 2382 1295 verboque
2431 1221 2810 1277 moveatur.
2865 1200 2991 1272 sed
3041 1200 3167 1272 hoc
3218 1218 3669 1292 mementote,
3721 1204 4176 1300 quoscumque

1178 1312 1353 1380 locos
1404 1312 1777 1401 attingam,
1828 1298 2009 1377 unde
2062 1308 2342 1375 ridicula
2399 1308 2776 1393 ducantur,
2824 1326 2910 1373 ex
2941 1303 3199 1373 'iisdem
3248 1305 3414 1375 locis
3467 1304 3606 1374 fere
3655 1308 3862 1375 etiam
3917 1324 4168 1398 graves

1180 1411 1530 1479 sententias
1580 1414 1751 1502 poffe
1796 1411 1982 1477 duci.
2038 1412 2342 1475 Tantum
2391 1406 2713 1494 interest,
2781 1407 2958 1498 quod
3019 1409 3318 1496 gravitas
3364 1408 3650 1475 honestis
3701 1409 3768 1475 in
3825 1408 4014 1477 rebus
4069 1410 4170 1480 se·

1177 1535 1373 1597 vere,
1429 1512 1609 1590 jocus
1662 1513 1731 1579 in
1782 1509 2129 1597 turpiculis
2184 1513 2252 1579 ὅ(
2309 1510 2494 1599 quasi
2544 1508 2956 1577 deformibus
3006 1511 3326 1595 ponitur:
3391 1512 3576 1577 velut
3629 1511 3694 1575 in
3747 1508 3970 1577 iildem
4025 1534 4172 1579 vet·

1177 1612 1271 1680 bis
1330 1616 1399 1683 &
1460 1612 1729 1679 laudare
1781 1611 1961 1700 frugi
2018 1609 2282 1678 servum
2332 1610 2660 1698 possumus
2696 1662 2717 1698 ,
2771 1614 2840 1680 &
2885 1662 2905 1697 ,
2961 1609 3006 1677 fi
3057 1608 3148 1677 est
3199 1630 3534 1701 nequam,
3584 1608 3790 1687 iocari
3827 1654 3846 1677 .
3901 1610 4168 1682 Ridicu.»

1174 1709 1322 1780 lum
1376 1708 1469 1779 est
1520 1711 1687 1781 illud
1744 1714 1943 1801 (83)
1996 1714 2454 1782 Neronianum
2526 1728 2714 1780 vetus
2783 1714 2848 1778 i‘n
2907 1712 3134 1778 furace
3187 1710 3374 1779 servo
3413 1764 3434 1796 ‚
3501 1710 3724 1777 Solum
3785 1708 3902 1796 effe
3962 1763 3983 1797 ,
4053 1720 4158 1779 cus·

1178 1819 1351 1883 domi
1404 1810 1572 1882 nibil
1605 1811 1693 1899 stt
1744 1834 1851 1878 nec
1906 1810 2296 1899 obsignatum
2338 1869 2359 1902 ,
2413 1833 2520 1881 nec
2577 1812 2888 1900 occlusum
2922 1835 2947 1873 .·
3023 1811 3202 1900 quod
3257 1810 3432 1881 idem
3481 1812 3551 1879 in
3599 1810 3770 1879 bono
3827 1808 4022 1880 servo
4073 1813 4169 1882 di·

1179 1919 1241 1983 ci
1294 1914 1497 2002 solet3
1555 1914 1662 1982 sed
1712 1915 1835 1982 hoc
1886 1913 2111 1983 iisdem
2163 1918 2368 1984 etiam
2428 1910 2680 1981 verbis·

1284 2020 1383 2082 Ex
1438 2014 1668 2082 iisdem
1720 2032 1941 2082 autem
1994 2016 2161 2083 locis
2229 2014 2453 2082 omnia
2524 2014 2886 2081 nascuntur
2927 2060 2944 2079 .
2995 2014 3176 2079 Nam
3229 2010 3402 2103 quod
3455 2014 3654 2101 (84)
3713 2020 3817 2103 Sp.
3872 2014 4164 2085 Carvilio

1177 2115 1471 2205 graviter
1522 2116 1926 2183 claudicanti
1980 2139 2067 2183 ex
2128 2117 2402 2184 vulnere
2453 2110 3031 2202 obrempublicam
3091 2134 3392 2203 accepto,
3443 2117 3514 2185 &
3575 2116 3832 2184 obeam
3887 2120 4162 2189 causam

1174 2206 1662 2289 verecundanti·
1696 2222 1768 2284 in
1818 2214 2155 2305 publicum
2209 2216 2464 2307 prodire
2500 2268 2521 2301 ,
2573 2234 2782 2283 mater
2831 2218 3000 2281 dixit
3041 2268 3059 2301 ,
3111 2224 3286 2304 ,Quin
3333 2218 3601 2303 prodis,
3653 2226 3740 2282 mi
3795 2226 4027 2307 sputi,
4081 2237 4160 2289 ut

1176 2316 1677 2405 quotiescumque
1721 2321 2004 2403 gradum
2041 2324 2310 2410 facies,
2359 2326 2546 2383 toties
2596 2318 2721 2383 tibi
2775 2336 3037 2381 tuarum
3057 2327 3383 2384 virtutum
3433 2327 3656 2386 veniat
3705 2326 3772 2385 in
3823 2320 4146 2385 mentem?

1176 2420 1571 2507 praeclarum
1624 2422 1693 2488 &
1752 2440 1959 2506 grave
2006 2420 2137 2483 est.
2199 2418 2393 2505 Quod
2447 2420 2647 2504 (85)
2702 2418 2984 2483 Calvino
3037 2419 3320 2485 Glaucia
3370 2418 3764 2487 claudicanti
3812 2470 3833 2502 ‚
3882 2420 4006 2483 Ubi
4063 2416 4158 2499 est·

1176 2538 1365 2584 vetus
1418 2520 1628 2585 illud?
1683 2526 1877 2604 (86)
1933 2538 2087 2583 num
2137 2520 2466 2584 claudicat
2505 2518 2542 2581 ἔ
2619 2535 2689 2583 at
2739 2515 3225 2586 hic'claudicat
3267 2545 3282 2585 ι
3356 2518 3480 2587 hoc
3554 2520 3913 2587 ridiculum
3981 2518 4076 2587 est
4127 2546 4152 2609 ;

1179 2615 1251 2685 ἃ.
1308 2634 1667 2707 utrumque
1716 2638 1798 2683 ex
1850 2638 1978 2700 en,
2025 2618 2200 2707 quod
2251 2620 2318 2684 in
2372 2617 2848 2685 claudicatione
2901 2620 3337 2688 animadverti
3389 2624 3594 2710 potuit
3633 2672 3655 2707 ‚
3704 2619 3794 2688 est
3841 2618 4092 2688 dictum
4129 2670 4150 2689 .

1173 2720 1354 2802 ‚Quid
1402 2716 1510 2783 hoc
1562 2738 1586 2808 (
1639 2722 1725 2799 87
1771 2731 1799 2805 )
1870 2718 2114 2788 Navio
2182 2718 2558 2803 ignavius?
2633 2716 2854 2785 severe
2921 2723 3138 2810 Scipio
3173 2768 3189 2786 .
3265 2725 3358 2788 At
3429 2726 3496 2792 in
3551 2722 3726 2789 male
3791 2723 4082 2790 olentem
4133 2776 4158 2811 ,

2431 2855 2436 2861 ·
3841 2834 3866 2907 (
3901 2826 3986 2888 88
4027 2830 4054 2903 )

1166 2986 4154 3025 m

1185 3038 1187 3041 ,
1548 3020 4160 3063 -φψ--ᾞμ--ῇ--ὺ-ὴ--ηι

1241 3129 1272 3189 (
1292 3136 1351 3200 83
1375 3132 1401 3192 )
1443 3132 1865 3192 Neronianum)
1904 3126 2060 3186 Illius
2086 3168 2101 3192 ,
2134 3145 2195 3184 ut
2217 3144 2338 3184 reor
2366 3169 2382 3193 ,
2411 3126 2603 3187 ‘Nero-

1172 3195 1297 3262 niS,
1330 3197 1419 3267 qui
1460 3216 1542 3252 res
1577 3197 1827 3256 adversus
1864 3198 2199 3256 Annibalem
2236 3196 2387 3268 gessit
2417 3219 2440 3262 ,ς
2497 3200 2605 3255 est·-

1170 3284 1275 3340 que
1324 3269 1635 3341 exemplum
1686 3266 1792 3324 hoc
1824 3310 1841 3333 ‚
1894 3289 1951 3325 ut
2010 3270 2262 3340 pleraque
2301 3269 2457 3341 hujus
2496 3269 2600 3326 loci

1169 3335 1380 3410 prisca,
1431 3337 1703 3408 sumptum
1740 3359 1805 3395 ex
1861 3340 2006 3396 libro
2058 3337 2605 3410 Apophthegniatuin

1170 3410 1434 3468 Catonis.
1472 3409 1701 3468 Difium
1737 3427 1913 3466 autem
1952 3410 2055 3468 hoc
2104 3417 2162 3468 δε·
2199 3410 2267 3468 de
2305 3409 2482 3468 [ιιι-τια-
2517 3431 2606 3469 ac-

1167 3481 1301 3553 cipi,
1328 3481 1508 3558 potest
1538 3521 1556 3546 ‚
1593 3501 1652 3538 ut
1689 3501 1717 3536 a
1756 3485 1984 3538 Nerone
2038 3480 2346 3554 usurpatum
2400 3481 2602 3548 fuerat,

1206 3555 1259 3607 ui
1296 3553 1477 3608 omnia
1530 3551 1763 3621 resignet
1800 3559 1855 3610 &
1906 3554 2144 3611 recludat
2181 3577 2194 3610 ε
2236 3559 2292 3610 ὃ(
2331 3553 2400 3610 de
2442 3554 2604 3611 servo

1190 3622 1341 3690 rugi,
1378 3625 1523 3690 cujus
1561 3621 1684 3678 fidei
1721 3625 1902 3680 omnia
1940 3625 2101 3681 hei-us
2131 3625 2479 3692 committat,
2516 3625 2603 3682 cui

1165 3691 1315 3749 nihil
1352 3691 1561 3751 annulo
1592 3692 1703 3749 obfi
1748 3712 1841 3750 net
1874 3733 1891 3756 ‚
1941 3697 2025 3752 cui
2080 3694 2230 3751 nihil
2265 3696 2474 3754 claudat
2511 3693 2598 3754 se-

1164 3781 1257 3821 ra.
1294 3761 1364 3821 In
1402 3761 1632 3836 quodam
1670 3763 1709 3820 li
1753 3785 1815 3821 ro
1852 3759 2059 3837 scripto
2117 3765 2314 3833 legitur
2371 3773 2598 3824 Navia-

1163 3853 1335 3911 nugn,
1376 3853 1444 3913 ut·
1470 3853 1497 3890 a
1524 3836 1731 3894 Naevio
1766 3856 1926 3908 poeta
1963 3835 2266 3908 sumptum,
2304 3839 2452 3910 quod
2485 3837 2598 3896 for-

1164 3905 1289 3962 tane
1329 3924 1543 3961 verius.
1580 3907 1762 3962 Idem.

1234 3982 1396 4054 §84)
1448 3985 1531 4048 sp.
1593 3979 1906 4043 Carvilio)
1962 3983 2103 4038 Puto
2152 3977 2304 4037 hunc
2353 3977 2454 4039 effe
2505 3981 2596 4056 qui

1204 4065 1364 4124 rimus
1418 4047 1557 4118 apud
1594 4055 1873 4111 Romanos
1922 4069 2150 4108 uxorem
2204 4049 2410 4109 dimisit
2441 4055 2598 4114 ..vir

1184 4136 1263 4175 uit
1320 4118 1543 4176 illustris
1576 4161 1593 4186 ,
1650 4121 1743 4192 qui
1803 4142 1871 4177 ex
1908 4121 2143 4193 equestri
2181 4121 2304 4178 loco
2346 4142 2494 4182 natus
2530 4126 2596 4182 ad

1159 4185 1411 4270 sumniam
1462 4193 1723 4262 pervenit
1772 4191 2136 4264 dignitatem,
2193 4211 2253 4250 ut
2293 4197 2594 4255 paterculus

1162 4257 1382 4318 scribit.
1422 4259 1637 4320 Consul
1674 4281 1853 4322 autem
1894 4259 1994 4320 fuit
2035 4283 2153 4320 curn
2205 4266 2364 4322 Fabio
2417 4269 2596 4326 Maxi-

1156 4349 1281 4390 mo„
1319 4335 1525 4390 Auster
1562 4335 1767 4394 Cicero
1804 4335 1871 4394 de
1907 4337 2192 4394 Senectute
2218 4378 2232 4392 .
2261 4338 2450 4396 Idem.

1189 4408 1388 4483 ·(85)
1429 4406 1673 4464 Calvino
1713 4415 1739 4475 )
1793 4409 1869 4468 C·
1905 4407 2120 4466 Sextius
2156 4407 2430 4468 Calvinus
2473 4453 2489 4476 ‚
2535 4429 2596 4469 ut

1156 4490 1232 4532 ait
1269 4475 1475 4555 Cicero
1515 4478 1569 4534 in
1592 4481 1797 4544 Bruto,
1836 4478 2063 4551 ingenio
2097 4483 2154 4535 δε
2191 4476 2438 4539 sermone
2474 4482 2593 4540 ele-

1156 4563 1353 4616 ganti,
1406 4545 1500 4603 sed
1558 4551 1870 4608 valetudine
1927 4551 2272 4610 incommoda
2324 4551 2458 4618 fuit,
2498 4553 2598 4613 etfi

1152 4637 1276 4693 cum
1330 4617 1643 4678 remiserant
1690 4622 1905 4679 dolores
1956 4620 2151 4694 pedum
2185 4663 2204 4690 ,
2258 4643 2370 4682 non
2411 4623 2599 4684 deerat

1152 4706 1215 4769 in
1247 4687 1441 4748 caulis.
1476 4695 1534 4751 Is
1571 4691 1737 4764 igitur
1756 4714 1822 4750 cx
1843 4693 2076 4768 podagra
2106 4693 2424 4769 plerumque
2454 4697 2598 4755 clau-

1150 4756 1391 4820 dicabat.
1424 4763 1581 4820 Idem
1601 4804 1618 4819 .

1222 4837 1571 4914 (86)0Num
1608 4835 1935 4893 claudicat?
1974 4853 2041 4895 at
2074 4836 2163 4896 hic
2200 4837 2526 4898 claudicat.
2563 4847 2593 4910 )

1148 4901 1288 4960 Sunt
1322 4924 1413 4976 qui
1455 4903 1686 4965 scribant
1720 4903 1826 4964 hoc
1862 4905 2061 4965 modo:
2098 4923 2166 4964 at
2199 4909 2289 4967 hic
2321 4908 2588 4969 clodicat.

1148 4979 1220 5031 Et
1259 4974 1329 5032 fic
1370 4977 1833 5052 interpretantur:
1877 4978 2149 5037 Calvinus
2185 4979 2284 5037 etsi
2323 4982 2592 5041 claudicat

1135 5043 1286 5117 pede
1316 5087 1335 5114 ι
1386 5070 1507 5109 non
1545 5067 1723 5116 tamen
1764 5068 1870 5108 tam
1909 5049 2169 5110 claudicat
2199 5092 2217 5120 ,
2255 5070 2408 5124 quam
2443 5053 2589 5118 Clo-

2703 3124 2884 3192 dicat,
2935 3125 2990 3182 id
3027 3126 3102 3183 est
3157 3126 3374 3186 Clodio
3413 3126 3588 3184 favet.
3641 3127 3878 3188 Istorum
3925 3126 4158 3188 senten·

2706 3199 2795 3255 tiae
2851 3219 2962 3254 non
3006 3197 3172 3254 habeo
3224 3197 3388 3255 fidem
3424 3239 3440 3264 ,
3493 3199 3614 3271 quia
3669 3201 3885 3257 Cicero
3936 3197 4156 3258 confert

2705 3270 2949 3340 exempla
2983 3269 3092 3326 duo
3130 3311 3148 3337 ,
3187 3289 3305 3342 quae
3345 3291 3460 3326 non
3501 3270 3570 3325 iic
3624 3267 3752 3328 sunt
3787 3291 3852 3328 ex
3896 3271 4156 3328 immuta-

2707 3339 2861 3396 tione
2898 3340 3071 3396 literae
3095 3382 3111 3405 ,
3149 3357 3208 3397 ut
3245 3360 3302 3397 ea
3341 3361 3458 3413 quae
3499 3339 3794 3412 sequuntur
3825 3379 3842 3398 .
3881 3347 4158 3400 Praeterea

2706 3412 2988 3470 immutant
3037 3411 3249 3471 codices
3303 3411 3414 3470 fine
3483 3431 3693 3470 ratione
3729 3455 3746 3470 .
3819 3413 3910 3469 Ad
3962 3412 4088 3470 liaec
4129 3453 4152 3480 ,

2705 3482 2919 3555 quando
2957 3481 3184 3553 fingitur
3225 3483 3411 3542 Caesar
3450 3483 3565 3542 haec
3607 3481 3891 3541 trastavilie
3928 3523 3956 3562 ⁹.
3984 3502 4151 3540 cum-

2701 3573 2804 3626 que
2845 3554 2989 3610 vixit
3027 3555 3254 3613 Glaucia
3290 3556 3460 3613 homo
3500 3559 3726 3628 impurus
3750 3595 3765 3619 ‚
3817 3571 3874 3609 ut
3911 3570 3984 3608 ait
4022 3555 4146 3610 Ci-

2701 3645 2830 3682 cero
2866 3626 2922 3682 in
2961 3625 3125 3705 Qrat.
3163 3645 3266 3698 pro
3303 3628 3528 3687 Rabirio
3569 3621 3853 3706 Pqsthumo
3897 3663 3911 3688 ,
3947 3623 4143 3682 nullus

2701 3714 2817 3754 erat
2849 3695 3084 3756 Clodius
3112 3739 3129 3762 ‚
3155 3700 3240 3756 cui
3279 3699 3518 3758 deforme
3557 3700 3683 3756 esset
3719 3697 3928 3774 favere.
3965 3697 4149 3752 Non-

2699 3768 2827 3825 dum
2861 3787 3076 3841 ceperat
3113 3771 3524 3844 Rempublicam
3563 3771 3613 3826 Ρ.
3651 3768 3886 3828 Clodius
3927 3809 3943 3832 ,
3979 3785 4154 3838 quem

2701 3839 2844 3898 Milo
2899 3840 3176 3898 interemit
3210 3881 3225 3897 .
3283 3850 3398 3911 Ego
3435 3841 3599 3912 igitur
3634 3841 3708 3899 fic
3764 3840 4143 3920 interpretor.-

2701 3912 2925 3978 ‚Glaucia
2980 3913 3214 3983 impurus
3267 3912 3438 3970 homo
3485 3931 3606 3969 cum
3664 3911 3879 3970 videret
3935 3911 4152 3992 Calvi-

2701 4002 2836 4040 num
2873 3983 3012 4055 pede
3047 3983 3427 4041 claudicantem
3456 4025 3470 4047 ,
3521 3984 3826 4042 recordatus
3859 3981 3936 4038 est
3989 4001 4148 4040 anti-

2699 4055 2791 4126 qui
2831 4053 3115 4125 proverbii
3157 4097 3173 4119 ,
3207 4075 3314 4126 quo
3355 4071 3563 4112 veteres
3597 4055 3889 4130 utebantur
3929 4054 3984 4108 in
4025 4053 4160 4110 ho·-

2697 4126 2900 4184 minem
2953 4139 3221 4183 errantem
3251 4168 3266 4192 ‚
3325 4125 3415 4181 vel
3467 4123 3640 4182 dubiae
3695 4124 3860 4181 fidei.
3898 4127 4158 4198 Quaere-

2695 4196 2822 4255 bant
2860 4197 3046 4256 enim.-
3089 4205 3238 4255 Num
3275 4196 3596 4255 claudicat?
3633 4193 3741 4252 hoc
3775 4191 4156 4274 eil-constat...

2698 4289 2768 4325 ne
2821 4268 2917 4326 fibi·
2956 4313 2973 4336 ,
3025 4270 3328 4341 ‘impetitis
3377 4285 3519 4344 errat
3561 4309 3578 4334 ‚
3621 4285 3712 4323 aut
3765 4271 3994 4347 *inni-²
4054 4273 4152 4325 Ex

2697 4342 3058 4399 translatione
3098 4341 3250 4398 verbi
3288 4346 3344 4398 &
3379 4338 3718 4410 ambiguitate
3769 4340 3970 4408 objecit
4025 4333 4150 4394 ho-

2693 4413 3049 4542 rbniniinentis
3083 4431 3361 4480 errorem,
3401 4411 3492 4473 vel
3509 4412 3720 4470 dubiam
3757 4409 3952 4468 fidem.
3989 4417 4150 4466 Sen-

2735 4505 2867 4540 aeus.

2772 4560 2930 4624 (87)
2967 4560 3196 4622 Navio)
3235 4555 3458 4614 Dictum
3495 4553 3573 4612 est
3591 4553 3872 4622 Africani,
3911 4569 3972 4610 ut
4007 4549 4150 4622 opi-

2701 4647 2805 4683 nor
2832 4667 2849 4693 ,
2889 4625 3186 4698 superioris
3239 4627 3296 4682 in
3354 4627 3614 4682 Naevium
3648 4665 3666 4692 ,
3721 4647 3750 4682 a
3801 4622 4148 4704 quofucrat

2699 4695 2961 4754 accusatus
2995 4740 3014 4764 ,
3067 4695 3232 4773 quod·
3251 4694 3434 4768 praeda
3490 4697 3636 4756 bello
3677 4695 3948 4756 Antiochi
3987 4711 4148 4766 capta

2695 4769 2944 4825 aerarium
2999 4765 3274 4823 fraudaflet
3307 4791 3326 4822 .-
3379 4767 3472 4825 alii
3500 4783 3506 4790 ·
3530 4789 3710 4826 tamen
3745 4789 3774 4824 a
3812 4767 4018 4827 Petilio
4055 4783 4148 4845 ac-

2693 4835 2930 4896 cusatum
2967 4835 3118 4896 fiiifle
3169 4831 3414 4895 scribunt
3445 4878 3463 4894 .
3518 4841 3690 4898 Locus
3725 4839 4147 4918 annominatio·

2693 4929 2818 4968 nem
2840 4906 3035 4967 habet.
3071 4910 3406 4968 Nominatur
3437 4913 3651 4969 aLivio
3689 4913 3864 4969 oratio
3903 4915 3962 4968 P.
3983 4905 4147 4967 Afri-

2691 4983 2846 5046 cani,
2884 4981 2943 5038 in
2985 4985 3063 5039 Μ.
3083 4980 3381 5050 Naevium,
3418 4983 3476 5040 iti
3511 5001 3646 5056 qua,
3677 4982 3998 5058 utopinor,
4029 4979 4140 5040 hoc

2689 5054 2906 5113 dixerat
2925 5093 2942 5112 .
2980 5050 3274 5111 Turnebus
3297 5089 3313 5111 .
