4359 6321
869 478 1493 575 LIBER
1618 472 2568 575 TERTIUS.
2921 520 3196 613 277,

268 612 456 684 etiam
504 602 588 673 ad
637 600 709 670 >id
750 653 773 690 ,
842 600 1016 689 quod
1068 600 1497 691 aggrediare,
1548 599 1620 667 δε
1676 597 1937 677 rejectio
1986 600 2053 664 in
2110 600 2377 669 alium:
2430 606 2949 678 communicatio
2987 664 3007 697 ,
3076 636 3222 703 quae

267 713 347 783 est
388 707 570 799 quasi
620 722 781 773 cum
830 703 909 768 iis
960 701 1153 792 ipfis,
1205 700 1382 791 apud
1434 720 1601 789 quos
1649 698 1873 784 dicas,
1924 696 2308 769 deliberatio
2349 727 2366 769 ε
2417 724 2686 773 morum
2739 726 2816 775 ac
2869 712 3018 780 vitae
3067 716 3218 781 imi·

264 813 408 881 tatio
442 860 463 896 ,
512 807 619 876 vel
672 806 740 872 in
798 800 1132 891 personis,
1188 802 1292 869 vel
1348 800 1479 869 fine
1535 799 1710 883 illis,
1762 818 2091 889 magnum
2138 802 2476 889 quoddam
2525 828 3032 881 ornamentum·
3069 834 3218 882 ora-

265 913 447 981 tionis
487 961 509 997 ,
556 909 653 980 &-
686 921 922 994 aptum
974 902 1053 969 ad
1102 904 1357 968 animos
1426 900 1875 968 conciliandos
1950 898 2056 968 vel
2110 906 2408 973 maxime
2444 960 2467 993 ,
2537 907 2694 996 ssepe
2746 930 2964 982 autem
3013 916 3221 983 etiam

264 1012 335 1083 ad
382 1004 962 1079 commovendos:
1034 1000 1465 1092 perlbnatum
1518 1000 1675 1069 fista
1744 1000 2082 1086 inductio,
2157 1002 2266 1069 vel
2319 1008 2770 1093 graviffimum
2822 1016 3048 1083 lumen
3106 1036 3226 1083 aut

260 1112 483 1205 gendi:
536 1107 928 1194 descriptiO,
978 1104 1217 1171 erroris
1266 1101 1561 1185 inductio
1596 1152 1617 1186 ,
1688 1101 1764 1164 ad
1832 1102 2240 1171 hilaritatem
2291 1104 2596 1192 impulfio
2644 1160 2665 1194 ,
2729 1130 2878 1181 ante
2949 1137 3224 1205 occupa-

260 1216 379 1282 tio:
432 1228 579 1281 tum
630 1208 767 1277 duo
816 1207 981 1292 illa,
1025 1226 1175 1297 quae
1228 1206 1525 1272 maxime
1576 1218 1886 1289 movent,
1938 1201 2344 1292 similitudo,
2399 1208 2471 1275 &
2523 1213 2911 1297 exemplum
2949 1240 2968 1279 ε
3037 1216 3216 1304 diget

256 1312 405 1400 stio,
458 1308 947 1400 interpellatiO,
992 1308 1375 1391 contentio,
1418 1301 1797 1387 reticentia,
1848 1301 2376 1374 commendatio:
2435 1327 2568 1375 vox
2617 1312 2922 1400 quaedam
2977 1314 3220 1403 libera,

256 1431 448 1505 atque
489 1414 702 1482 etiam
750 1407 1133 1477 effrenatior
1173 1459 1195 1495 ,
1261 1404 1545 1497 augendi
1596 1400 1791 1471 causa
1826 1428 1847 1469 ς
1904 1404 2234 1471 iracundia
2276 1455 2297 1490 ,
2347 1406 2761 1498 obiurgatio,
2831 1416 3156 1502 promiffio
3203 1467 3229 1502 ,

254 1514 673 1605 deprecatio,
726 1506 1077 1576 obsecratio
1111 1533 1135 1571 .-
1206 1508 1564 1577 declinatio
1630 1504 1845 1571 brevis
1895 1525 1933 1571 a
1984 1502 2316 1592 proposito
2350 1557 2373 1594 ,
2451 1528 2596 1573 non
2649 1528 2724 1576 ut
2773 1511 3057 1602 superior
3109 1516 3230 1583 illa

244 1614 588 1703 digreffio:
641 1611 943 1699 purgatio
982 1662 1002 1696 ,
1050 1609 1440 1678 conciliatio
1478 1662 1501 1696 ,
1554 1606 1769 1691 laefio,
1818 1608 2059 1695 optatio
2096 1654 2121 1692 ,
2168 1620 2364 1696 atque
2413 1609 2797 1679 exercitatio
2832 1660 2850 1681 .
2905 1618 3035 1683 His
3091 1618 3229 1685 fere

250 1714 611 1783 luminibus
664 1708 999 1779 illustrant·
1044 1712 1418 1780 orationem
1474 1708 1844 1778 sententiae.

353 1818 538 1882 Lw.
590 1814 927 1880 Orationis
982 1827 1206 1881 autem
1258 1813 1499 1901 ipsius,
1548 1826 1871 1900 tanquam
1923 1828 2300 1896 armorum,
2353 1808 2448 1879 est
2499 1812 2608 1882 vel
2661 1812 2742 1880 ad
2793 1812 2988 1885 usum
3038 1836 3256 1891 com-‚

248 1914 575 2000 minatio,
625 1916 695 1983 δι
754 1913 937 2001 quafi
988 1914 1248 2003 petitio,
1308 1912 1415 1981 vel
1471 1915 1553 1979 ad
1605 1910 2015 1981 venustatem
2067 1913 2200 2000 ipsa
2255 1912 2600 1983 trastatio.
2655 1916 2834 1981 Nam
2885 1918 2956 1985 δε
3017 1921 3228 2004 gemi-

240 2017 435 2082 natio
489 2013 845 2082 verborum
897 2012 1093 2082 babet
1143 2010 1474 2079 interdum
1526 2012 1715 2098 vim,
1766 2012 2057 2099 leporem
2112 2012 2317 2081 alias.-
2372 2014 2748 2104 &paulum
2799 2016 3230 2084 immutatum

252 2112 531 2182 verbum
558 2166 581 2204 ,
631 2130 827 2202 atque
876 2111 1265 2182 deflexum.-
1322 2116 1393 2184 δι
1452 2110 1743 2193 ejusdem
1797 2111 1973 2179 verbi
2022 2110 2248 2181 crebra
2297 2128 2444 2183 tum
2496 2138 2534 2184 a
2587 2118 2803 2205 primo
2859 2118 3158 2204 repetitio
3205 2166 3229 2202 ,

240 2230 397 2281 tum
448 2216 520 2281 in
568 2231 955 2287 extremum
1006 2213 1383 2301 conversio,
1434 2217 1506 2285 δε
1564 2214 1633 2280 in
1686 2212 1915 2281 eadem
1972 2212 2167 2285 verba
2221 2214 2546 2305 impetuS,
2601 2218 2672 2287 δι
2715 2214 3102 2303 concurfio,
3155 2218 3228 2285 δε

245 2314 633 2401 adiunctio,
688 2318 761 2385 δι
818 2314 1222 2407 progreffio:
1294 2318 1363 2386 ὅ(
1420 2312 1712 2394 eiusdem
1788 2310 1971 2381 verbi
2046 2313 2342 2383 crebrius
2395 2316 2577 2406 pofiti
2650 2318 2956 2409 quaedam
3005 2315 3231 2384 distin-

238 2417 381 2485 &tio
420 2468 443 2503 ,
510 2419 583 2487 δι
662 2417 995 2485 revocatio
1064 2417 1307 2484 verbi:
1362 2418 1432 2485 δι
1491 2415 1612 2482 illa
1650 2466 1673 2501 ‚
1742 2436 1885 2505 quae
1953 2413 2260 2485 [imiliter
2307 2418 2674 2504 desinunt,
2742 2433 2860 2485 aut
2909 2439 3056 2507 quae
3113 2426 3232 2484 'ca-

234 2520 420 2585 dunt
490 2516 783 2585 similiter
818 2570 841 2604 ,
908 2532 1025 2585 aut
1090 2539 1235 2608 quae
1300 2518 1555 2605 paribus
1620 2517 1802 2605 paria
1873 2514 2258 2586 referuntur
2317 2570 2340 2607 ,
2407 2534 2520 2585 aut
2603 2539 2747 2608 quae
2820 2516 2971 2584 sunt
3045 2518 3220 2584 inter

238 2619 315 2687 st
386 2616 626 2685 similia
669 2665 685 2684 .
758 2616 869 2686 Est
934 2618 1139 2689 etiam
1208 2617 1513 2707 gradatio
1596 2616 1900 2707 quaedam
1963 2670 1984 2704 ,
2053 2618 2126 2687 δε
2221 2618 2568 2685 converfio
2618 2668 2642 2704 ,
2711 2620 2782 2692 δε
2857 2614 3218 2685 verborum

233 2718 576 2789 concinna
645 2716 1108 2808 transgreffio,
1190 2721 1263 2788 δε
1338 2718 1751 2787 contrarium
1787 2769 1809 2802 ,
1877 2718 1949 2785 δε
2022 2716 2398 2786 diffolutum
2441 2770 2464 2804 ,
2531 2718 2604 2789 δε
2677 2714 3038 2786 declinatio
3075 2768 3098 2805 ,
3151 2717 3226 2787 δε

234 2818 659 2909 reprehensio
694 2870 717 2907 ,
786 2819 859 2887 δι
926 2815 1331 2886 exclamatio
1366 2868 1387 2903 ‚
1480 2819 1553 2887 δε
1639 2816 2019 2885 imminutio
2073 2867 2095 2905 ,
2167 2820 2240 2888 δε
2316 2817 2498 2909 quod
2609 2818 2680 2887 in
2773 2816 3006 2886 multis
3071 2816 3232 2886 cafi-

239 2921 375 2991 bus
426 2920 693 3009 ponitur
739 2972 761 3007 ,
811 2920 882 2989 &
936 2916 1111 3009 quod
1162 2918 1247 2986 de
1294 2918 1578 3008 lingulis
1626 2916 1825 2987 rebus
1875 2916 2223 3007 propositis
2273 2919 2552 2989 ductum
2621 2918 2902 2989 refertur
2971 2916 3052 2985 ad
3106 2914 3234 2984 fin-

234 3024 409 3114 gula
438 3074 459 3109 ,
508 3022 581 3091 δι
640 3019 725 3087 ad
777 3019 1181 3109 proposttum
1233 3016 1531 3097 subiesta
1584 3020 1747 3087 tatio
1781 3070 1805 3106 ,
1874 3018 1947 3089 dc
2002 3020 2166 3087 item
2219 3021 2288 3089 in
2335 3018 2688 3090 distributis
2740 3018 3060 3111 supposita
3129 3038 3233 3086 ra-

234 3125 395 3208 tio,
446 3122 514 3191 &
574 3120 895 3208 permiffio
932 3170 956 3206 ,
1033 3122 1105 3189 ἃ
1166 3118 1437 3192 rursum
1485 3119 1619 3189 alia
1668 3119 1993 3192 dubitatio
2026 3171 2050 3206 ,
2100 3122 2173 3192 dt
2231 3119 2665 3212 improvisum
2719 3120 3038 3213 quiddam
3078 3170 3099 3205 ,
3155 3120 3230 3190 δε

228 3220 753 3310 dinumeratiog.
808 3221 880 3286 διε
938 3217 1069 3282 alia
1118 3218 1443 3284 eorrectio
1478 3267 1502 3300 ,
1571 3221 1644 3286 ὃ(
1700 3217 2051 3302 disputatio
2090 3269 2113 3303 ,
2191 3222 2264 3289 &
2317 3221 2502 3310 quod
2553 3224 3020 3290 continuatum
3057 3271 3080 3302 ,
3149 3220 3226 3287 δε

236 3322 735 3404 interruptum,
787 3316 858 3387 δε
918 3315 1185 3405 imago,
1238 3316 1311 3384 δι
1368 3312 1483 3380 fibi
1532 3314 1649 3402 ipli
1703 3313 2069 3401 responfio,
2120 3317 2192 3384 dt
2253 3318 2676 3402 immutatio,
2728 3315 3228 3401 &disiunEti0,

238 3423 327 3490 δι
382 3417 587 3504 ordo,
634 3417 713 3486 dc
766 3414 1044 3501 relatio,
1098 3417 1171 3486 δι
1220 3411 1527 3506 digreffio
1583 3466 1605 3501 ,
1648 3414 1723 3484 δι
1774 3411 2336 3502 circumscriptio.
2391 3419 2556 3483 Haec
2601 3415 2786 3482 enim
2842 3413 2994 3480 sunt
3046 3411 3226 3500 fere,

230 3537 451 3611 atque
502 3520 745 3588 horum
795 3515 1033 3586 fimilia
1055 3567 1081 3602 ,
1133 3516 1237 3584 vei
1290 3515 1479 3606 plura
1496 3515 1703 3582 etiam
1754 3513 1881 3582 effe
1900 3514 2155 3604 poffunt
2176 3567 2200 3604 ,
2248 3537 2393 3606 quae
2447 3513 2780 3587 sententiis
2825 3511 3232 3602 orationem,

210 3620 731 3710 Jerborumque
779 3619 1425 3690 conformationibus
1476 3617 1867 3685 illuminent
1892 3664 1913 3684 .

352 3725 498 3789 Lv.
551 3726 715 3808 Qae
760 3717 1035 3812 quidem
1085 3735 1152 3788 te
1190 3770 1212 3806 ,
1274 3719 1527 3805 C'raffe,
1594 3717 1787 3788 visco
1822 3769 1845 3804 ,
1892 3716 2113 3807 inquit
2157 3721 2352 3786 Cotta
2394 3771 2416 3806 ,
2469 3717 2647 3809 quod
2714 3731 2872 3787 nota
2939 3717 3062 3786 effe
3113 3733 3230 3783 no·

234 3823 347 3892 bis
408 3839 633 3911 putes,
683 3822 819 3890 fine
868 3819 1401 3906 definitionibuS,
1454 3821 1527 3890 &
1588 3819 1723 3887 fine
1768 3817 2099 3909 exemplis
2144 3817 2474 3887 effudiffe.
2531 3821 2676 3909 Ego
2725 3839 2881 3888 vero
2913 3869 2936 3902 ,
3001 3817 3220 3906 inquit

230 3923 559 4008 Crafl‘uS,
612 3943 697 3992 ne
746 3923 865 3989 illa
916 3921 1187 4011 quidem
1226 3971 1249 4006 ,
1294 3941 1439 4012 quae
1493 3918 1687 4009 supra
1736 3919 1922 4006 dixi,
1988 3939 2162 3989 nova
2213 3918 2397 3989 vobis
2447 3920 2570 3988 effe
2619 3917 2978 3988 arbitrabar
3012 3968 3037 4005 ,
3105 3911 3220 3985 sed

235 4026 579 4094 voluntati
634 4023 923 4097 vestrum
970 4025 1275 4090 omnium
1326 4021 1514 4110 parui
1550 4067 1567 4087 .
1638 4021 1769 4087 His
1834 4038 2061 4092 autem
2122 4021 2206 4088 de
2255 4021 2449 4092 rebus
2502 4019 2594 4088 sol
2651 4039 2761 4089 me
2811 4021 2930 4087 iile
2991 4015 3218 4085 admo-

228 4128 395 4195 nuit
424 4178 449 4212 ,
494 4139 571 4196 ut
626 4123 889 4192 brevior
934 4125 1170 4210 efrem,
1224 4123 1337 4212 qui
1388 4119 1523 4211 ipse
1572 4121 1711 4201 iam
1762 4125 2207 4214 praecipitans,
2260 4142 2369 4191 me
2413 4141 2677 4213 quoque
2743 4118 2880 4192 haec
2932 4115 3220 4208 praecipi-

232 4247 389 4298 t-em
440 4246 607 4318 pene
646 4227 963 4296 evolvere
1013 4225 1229 4314 coegit
1270 4270 1287 4290 .
1362 4221 1488 4290 Sed
1536 4238 1771 4290 tamen
1820 4224 2023 4304 buius
2098 4225 2361 4313 generis
2411 4219 2876 4290 demonstratio
2923 4218 3018 4288 est
3061 4255 3116 4305 ,·
3151 4219 3224 4289 δε

226 4329 553 4398 doctrina
604 4328 744 4419 ipsa
777 4379 799 4414 ,
868 4327 1173 4417 vulgaris
1208 4349 1229 4390 z
1302 4321 1459 4393 usus
1510 4336 1737 4395 autem
1784 4323 2204 4415 graviffimus
2242 4376 2270 4414 ,
2329 4326 2409 4396 Bt
2465 4323 2538 4391 in
2587 4324 2717 4394 hoc
2771 4337 2918 4392 toto
2961 4318 3228 4390 dicendi

227 4429 467 4498 :studio
512 4429 985 4500 difficillimus.
2741 4457 2760 4470 ·

346 4529 807 4617 Qamobrem
842 4583 867 4617 ,
915 4530 1232 4622 quoniam
1277 4527 1357 4596 de
1404 4541 1641 4596 ornatu
1692 4523 1880 4597 omni
1926 4525 2239 4594 orationis
2263 4575 2284 4611 ,
2334 4521 2384 4591 fi
2435 4544 2574 4594 non
2625 4521 2780 4593 sunt
2831 4513 3092 4594 omnes'
3111 4541 3226 4610 pa-

224 4631 529 4721 tefasti,
582 4649 869 4700 atcerte
920 4627 1415 4702 commonstrati
1464 4629 1639 4696 loci.-
1692 4647 1923 4716 nunc,
1970 4623 2128 4720 quid
2181 4641 2412 4716 aptum
2465 4623 2544 4693 stt
2584 4676 2609 4714 ,
2673 4625 2796 4692 hoc
2843 4623 2936 4693 est
2975 4677 2996 4712 ,
3063 4617 3222 4712 quid

224 4733 554 4801 maxime
602 4733 829 4799 deceat
878 4735 949 4800 in
1002 4733 1295 4801 oratione
1330 4783 1355 4818 ,
1434 4723 1781 4800 videamus
1818 4777 1836 4797 .
1908 4733 2319 4821 Quanquam
2371 4724 2442 4795 id
2494 4727 2760 4818 quidem
2812 4724 3226 4815 perspicuum
3281 4784 3290 4792 .

220 4832 394 4917 est,
442 4855 579 4901 non
632 4835 815 4900 omni
868 4835 1119 4921 causae,
1168 4855 1293 4903 nec
1344 4833 1630 4902 auditori
1674 4884 1695 4919 ,
1768 4851 1981 4921 neque
2031 4829 2320 4921 personae
2360 4880 2382 4914 ‚
2453 4848 2671 4921 neque
2719 4826 2998 4916 tempori
3067 4840 3228 4890 con-

218 4953 505 5024 gruere
556 4934 865 5002 orationis
916 4957 1131 5003 unum
1184 4955 1395 5025 genus
1436 4986 1453 5002 .
1532 4939 1712 5004 Nam
1765 4933 1848 5003 dt·
1890 4931 2100 5003 causa:
2146 4931 2376 5022 capitis
2445 4931 2654 4999 alium
2703 4926 3034 5018 quendam
3083 4939 3226 4988 vcr-

217 5038 496 5110 bnrum
552 5033 791 5107 sonum
850 5038 1231 5132 requirunt,
1281 5039 1491 5106 alium
1544 5055 1767 5108 rerum
1817 5036 2236 5126 privatarum
2284 5021 2480 5122 atque
2495 5047 2893 5118 parvarum:
2947 5017 3228 5140 &aliud

3027 5119 3136 5196 dt-
