4359 6321
803 422 2657 519 LI-BERSECUNDUS.
2957 429 3118 527 -18'

312 554 417 615 ret
448 592 471 632 ,
498 553 744 611 ’tamen
791 541 973 611 recte
1022 560 1215 631 agere
1264 541 1401 609 fine
1452 542 1683 611 dolore
1750 564 1886 610 non
1942 560 2250 633 poterat3
2319 542 2474 638 quid
2513 550 2552 611 ἕ
2619 544 2978 615 Pacuvium
3051 464 3294 639 pu9tatis

291 647 387 714 -in
438 641 774 713 &hendo
820 642 955 711 leni
1004 644 1240 711 animo
1299 662 1378 711 ac
1446 641 1705 712 remiffo
1756 642 1938 711 fuiffe
1978 644 2007 710 ἱ)
2062 644 2236 713 Fieri
2288 648 2478 715 nullo
2529 646 2736 716 modo
2777 651 2992 739 potnit
3025 698 3039 715 .
3078 650 3292 736 Saepe

286 746 493 813 -enim
541 742 816 828 audivi,
864 756 1127 831 poetam
1174 741 1423 812 bonum
1495 745 1834 813 neminem
1908 756 1933 831 (
1990 745 2058 811 id
2110 746 2286 833 quod
2339 768 2376 813 a
2433 750 2812 817 Democrito
2885 752 2968 820 δι’
3019 750 3290 817 Platone

276 845 377 911 ·in
428 846 681 936 scriptis
735 842 1043 911 relictum
1089 842 1213 911 else
1262 842 1497 914 dicunt
1554 857 1584 933 )
1642 846 1775 913 fine
1826 843 2353 915 inflammatione
2401 850 2775 921 animorum
2825 849 3095 919 existere
3147 850 3290 938 pos·

306 944 417 1033 se,
468 950 537 1017 &
596 946 731 1015 fine
784 945 1079 1033 quodam
1126 941 1363 1013 afflatu
1416 944 1601 1036 quali
1658 946 1939 1014 furoris.
2160 970 2165 977 ·

409 1046 695 1117 XLVII.
746 1050 976 1129 Qare
1023 1046 1227 1115 nolite
1276 1045 1647 1115 existimare
1698 1046 2021 1135 meipsum
2062 1098 2082 1132 ‚
2150 1047 2264 1137 qui
2335 1068 2470 1116 non
2519 1051 2802 1119 heroum
2873 1068 3121 1121 veteres
3177 1071 3288 1120 caa-

302 1150 417 1216 ius
454 1201 479 1235 ‚
526 1147 843 1237 fictosque
896 1144 1117 1215 iustus
1169 1146 1422 1216 vellem
1476 1148 1718 1215 imitari
1768 1165 1961 1238 atque
2010 1145 2406 1216 adumbrare
2453 1150 2796 1238 dicendo;
2849 1172 3059 1243 neque
3107 1153 3288 1219 aaor

296 1249 497 1317 effem
548 1250 773 1318 alienae
825 1246 1155 1337 personae,
1206 1246 1311 1317 sed
1364 1248 1595 1317 auctor
1652 1268 1807 1317 meae
1852 1302 1872 1334 ,
1938 1268 2095 1316 cum
2146 1250 2308 1318 mihi
2383 1252 2476 1316 M.
2529 1253 2844 1341 Aquilius
2891 1251 2960 1317 in
3013 1252 3288 1319 civitate

281 1350 687 1420 setinendus
734 1350 887 1419 effet
922 1402 943 1436 ,
1016 1372 1159 1440 quae
1208 1351 1278 1417 in
1332 1349 1453 1417 illa
1502 1347 1703 1417 causa
1756 1350 2121 1438 peroranda
2178 1351 2452 1419 fecerim
2490 1406 2509 1437 ,
2577 1352 2712 1422 fine
2760 1372 3012 1441 magno
3059 1351 3286 1419 dolore

297 1451 551 1521 fecisse.
600 1458 822 1537 Qem
872 1452 1053 1521 enim
1101 1470 1229 1541 ego
1276 1450 1621 1520 consulem
1680 1451 1861 1519 fuisse
1899 1504 1922 1539 ‚
1992 1454 2455 1542 imperatorem
2506 1472 2820 1522 ornatum.
2888 1475 2924 1518 a
2979 1455 3207 1520 {cnam
3263 1507 3285 1538 ,

298 1571 618 1623 ovantem
670 1555 739 1619 in
789 1552 1193 1643 Capitolium
1248 1552 1599 1623 ascendisse
1646 1552 2079 1621 meminissem
2123 1608 2144 1642 ‚
2210 1554 2390 1621 hunc
2443 1574 2599 1620 cum
2655 1554 2982 1623 afflictum
3027 1606 3046 1639 ‚
3110 1552 3285 1621 debi-

292 1654 565 1722 litatum
605 1707 625 1741 ‚
674 1670 1069 1725 moerentem
1106 1706 1127 1738 ‚
1180 1657 1250 1722 in
1306 1654 1647 1723 summum
1699 1653 2049 1721 discrimen
2104 1644 2462 1723 adductum
2515 1654 2806 1722 viderem
2850 1708 2867 1741 ,
2921 1674 3050 1721 non
3103 1654 3286 1740 prius

300 1753 451 1819 sum
500 1774 781 1823 conatus
830 1754 1353 1828 misericordiam
1408 1757 1555 1823 aliis
1609 1776 2031 1823 commovere
2075 1810 2094 1843 ,
2164 1778 2366 1847 quam
2439 1756 2884 1825 misericordia
2952 1754 3098 1822 sum
3149 1752 3284 1840 ipse

300 1868 575 1939 captus.
632 1856 809 1919 Sensi
858 1855 1169 1942 equidem
1222 1872 1369 1920 turn
1424 1876 1825 1943 magnopere
1874 1860 2125 1925 moveri
2179 1856 2425 1937 judices
2462 1908 2483 1943 ,
2553 1880 2710 1925 cum
2759 1857 3058 1926 excitavi
3109 1875 3280 1922 moe-

295 1949 472 2021 stum
522 1972 604 2020 ac
654 1951 1055 2020 sordidatum
1110 1950 1329 2017 senem
1370 2004 1389 2038 ,
1460 1956 1533 2023 &
1608 1976 1767 2020 cum
1837 1956 1951 2021 ista
2006 1958 2127 2024 feci
2168 2010 2190 2042 ‚
2257 1980 2396 2044 qua:
2454 1974 2574 2041 tu,
2624 1961 2844 2026 Craffe
2883 2010 2903 2042 ,
2978 1956 3204 2023 laudas
3259 2009 3280 2041 ‚

292 2071 431 2117 non
486 2067 621 2119 arte
659 2104 681 2138 ‚
731 2052 811 2121 de
862 2074 993 2142 qua
1042 2051 1201 2141 quid
1254 2052 1483 2141 loquar
1531 2052 1753 2122 nescio
1797 2106 1818 2140 ‚
1888 2053 1993 2120 sed
2041 2072 2230 2122 motu
2289 2074 2536 2143 magno
2583 2059 2788 2123 animi
2861 2074 2934 2123 ac
2985 2056 3208 2121 dolore
3259 2107 3281 2140 ,

280 2165 373 2217 ‹ut
422 2150 855 2221 discinderem
912 2158 1250 2238 tunicam,
1301 2168 1374 2219 ut
1426 2152 1773 2221 cicatrices
1822 2151 2220 2221 ostenderem
2262 2180 2278 2218 ε
2348 2176 2510 2223 cum
2580 2160 2652 2221 C.
2705 2157 2962 2225 Marius
3032 2176 3280 2221 moero-

290 2272 437 2319 rem
486 2254 799 2321 orationis
848 2274 1010 2324 meae
1064 2256 1336 2340 praesens
1390 2273 1465 2318 ac
1519 2253 1750 2323 sedens
1801 2254 2412 2325 multumlacrimis
2467 2255 2597 2323 suis
2649 2257 3038 2335 adjuvaret:
3091 2276 3280 2323 cum*

288 2373 422 2441 que
468 2375 599 2444 ego
654 2354 850 2424 illum
903 2352 1137 2425 crebro
1184 2354 1517 2442 appellans
1554 2405 1576 2439 ‚
1644 2351 1979 2442 collegam
2049 2357 2109 2421 ei
2166 2354 2362 2422 suum
2413 2358 2944 2425 commendarem
2984 2410 3003 2442 ‚
3075 2374 3280 2447 atque

292 2453 515 2539 ipsum
564 2453 964 2523 advocatum
1018 2454 1103 2521 ad
1156 2474 1587 2524 communem
1640 2456 2113 2541 imperatorum
2168 2455 2508 2524 fortunam
2557 2456 3040 2526 defendendam
3095 2458 3281 2523 invo-

288 2572 558 2623 carem.
608 2558 761 2623 Non
817 2556 947 2625 fuit
991 2555 1129 2625 haec
1184 2555 1321 2625 fine
1372 2555 1537 2624 meis
1618 2556 1915 2623 lacrimis
1952 2606 1973 2641 ,
2043 2574 2177 2623 non
2229 2557 2366 2625 fine
2414 2559 2640 2627 dolore
2708 2580 2956 2647 magno
3009 2554 3280 2623 misera-

289 2655 385 2721 tio
420 2706 441 2741 ‚
494 2658 931 2747 omniumque
980 2658 1255 2725 deorum
1297 2709 1319 2742 ,
1390 2658 1466 2723 δε
1522 2656 1873 2725 hominum
1912 2708 1934 2743 ,
2000 2658 2071 2725 δε
2128 2659 2382 2727 civium
2422 2710 2445 2745 ‚
2529 2661 2598 2727 δι’
2655 2657 2980 2727 sociorum
3032 2658 3272 2743 implo-

288 2760 495 2825 rati0.
552 2757 815 2844 Quibus
866 2758 1171 2827 omnibus
1230 2754 1483 2840 verbi8‚
1538 2779 1679 2846 quae
1732 2778 1773 2824 a
1816 2776 1935 2827 'me
1981 2772 2127 2824 tum
2181 2756 2334 2825 sunt
2385 2757 2600 2827 habita
2633 2812 2654 2847 ,
2696 2760 2740 2827 fi
2794 2759 2980 2827 dolor
3037 2755 3278 2825 abfuis-

288 2858 379 2923 set
430 2879 660 2946 mens,
712 2882 842 2929 non
900 2861 1103 2929 modo
1154 2853 1575 2943 miserabiliS,
1630 2855 1741 2925 std
1786 2860 1989 2927 etiam
2040 2858 2367 2927 irridenda
2419 2862 2626 2929 fuiffet
2674 2864 2886 2929 oratio
2939 2879 3124 2929 mea.

388 2959 847 3047 Quamobrem
896 2962 1023 3031 hoc
1076 2982 1193 3028 vos
1241 2959 1441 3027 doceo
1479 3010 1505 3046 ‚
1552 2958 1797 3046 Sulpici
1840 3014 1859 3048 ,
1912 2958 2117 3029 bonus
2168 2963 2648 3049 egovidelicet
2701 2982 2900 3052 atque
2966 2959 3272 3029 eruditus

284 3060 645 3150 magister,
698 3079 774 3129 ut
825 3065 897 3127 in
945 3062 1225 3127 dicendo
1274 3058 1523 3142 irasci,
1593 3075 1667 3125 ut
1732 3060 1991 3145 dolere,
2062 3060 2137 3127 u't
2200 3061 2356 3129 flere
2410 3064 2649 3151 poffitis
2687 3086 2708 3125 .·
2771 3082 3152 3153 quanquam
3209 3076 3275 3127 te

286 3156 559 3248 quidem
606 3160 763 3250 quid
812 3162 935 3227 hoc
984 3160 1252 3225 doceam
1296 3208 1315 3240 ‚
1364 3158 1479 3242 qui
1530 3159 1599 3222 in
1658 3160 2027 3228 accusando
2078 3160 2282 3228 sodali
2325 3215 2346 3246 ‚
2397 3167 2468 3232 δι
2519 3160 2830 3252 quaestore
2884 3184 3078 3246 mec,
3127 3177 3274 3226 tan-

287 3275 437 3324 tum
492 3260 874 3329 incendium
926 3279 1063 3324 non
1117 3258 1415 3322 oratione
1470 3255 1683 3322 solum
1723 3309 1743 3342 ,
1796 3260 1901 3325 sed
1954 3261 2169 3328 multo
2219 3262 2422 3326 etiam
2474 3263 2688 3348 magis
2745 3265 2812 3328 vi
2855 3313 2877 3344 ,
2949 3263 3022 3327 ὃ(
3091 3258 3276 3325 dolo-

206 3409 216 3416 .
287 3377 363 3423 re
401 3407 427 3442 ,
476 3360 546 3428 δε
608 3360 833 3428 ardore
886 3359 1090 3425 animi
1144 3358 1569 3440 concitatas,
1638 3373 1713 3423 ut
1788 3379 1917 3445 ego
1968 3357 2050 3424 ad
2106 3359 2173 3421 id
2227 3357 2760 3448 restringendum
2832 3359 2946 3424 vix
3001 3377 3276 3424 conarer

284 3457 635 3525 accedere?
690 3457 1039 3528 Habueras
1084 3458 1267 3524 enim
1318 3471 1465 3524 tum
1516 3455 1739 3521 omnia
1790 3458 1859 3524 in
1914 3454 2127 3532 causa,
2164 3454 2526 3545 superiora:
2581 3459 2719 3525 vim
2760 3509 2781 3542 ,
2827 3457 3067 3545 fugam
3103 3510 3123 3542 ‚
3179 3456 3274 3524 la-

281 3559 694 3645 pidationem
739 3612 763 3648 ,
814 3559 1284 3630 crudelitatem
1336 3553 1755 3626 tribuniciam
1792 3609 1813 3642 ,
1880 3556 1951 3622 in
2000 3556 2316 3645 Caepionis
2381 3559 2570 3646 gravi
2640 3556 3117 3645 miserabilique
3167 3577 3274 3623 ca·

282 3659 361 3726 su
410 3712 431 3744 ‚
482 3661 553 3725 in
608 3660 927 3740 iudicium
982 3657 1257 3727 vocabas
1294 3679 1316 3719 :
1389 3656 1622 3724 deinde
1690 3656 2047 3746 principem
2117 3659 2184 3726 ἀ
2245 3657 2511 3726 senatus
2547 3709 2568 3744 ,
2635 3661 2706 3729 δε
2762 3659 3058 3725 civitatis
3095 3707 3117 3741 ‚
3167 3659 3270 3728 Μ.

286 3760 657 3831 AEmilium
709 3761 929 3850 lapide
997 3757 1365 3846 perculsum
1436 3757 1557 3824 effe
1606 3757 1989 3826 constabat:
2060 3758 2127 3822 ‘vi
2201 3757 2473 3848 pulsum'
2532 3779 2618 3826 ex
2671 3757 2916 3846 templo
2985 3760 3060 3824 L.
3114 3763 3273 3824 Cot-

280 3879 425 3926 tam
468 3913 495 3948 ,
564 3865 637 3932 δε
710 3865 793 3930 Τ.
848 3861 1115 3931 Didium
1144 3911 1169 3946 ,
1230 3879 1389 3927 cum
1456 3857 1857 3927 intercedere
1926 3857 2169 3926 vellent
2241 3860 2625 3948 rogationi,
2725 3879 2928 3928 nemo
3011 3871 3270 3948 poterat

270 3981 553 4050 negaret
704 4013 730 4020 —-

380 4069 703 4135 XLVIII.
763 4061 1139 4134 Accedebat
1180 4055 1215 4150 ,'
1273 4076 1349 4131 ut
1399 4061 1535 4130 haec
1608 4079 1681 4131 tu
1732 4063 2105 4134 adolescens
2183 4089 2314 4156 pro
2371 4066 2698 4155 republica
2753 4062 2941 4154 queri
3009 4061 3270 4132 summa

277 4189 441 4236 cum
490 4170 812 4258 dignitate
860 4166 1359 4233 exi-stimarere:
1426 4184 1553 4252 ego
1620 4165 1821 4232 homo
1871 4168 2210 4235 censorius
2259 4169 2374 4234 vix
2451 4167 2598 4235 satis
2674 4164 2940 4232 honeste
3013 4161 3266 4230 viderer

278 4267 651 4336 seditiosum
702 4275 919 4338 civem
960 4320 981 4352 ‚
1057 4269 1129 4336 δε
1190 4265 1259 4329 in
1311 4264 1597 4332 hominis
1669 4267 2035 4335 consularis
2114 4269 2488 4335 calamitate
2542 4265 2876 4336 crudelem
2947 4263 3110 4351 posse
3161 4263 3270 4328 de-

276 4368 589 4438 fendere.
645 4373 851 4438 Erant
899 4368 1131 4455 optimi
1178 4369 1360 4432 cives
1418 4365 1701 4451 iudices,
1751 4367 2076 4435 bonorum
2134 4368 2433 4435 virorum
2485 4368 2762 4456 plenum
2815 4365 3036 4433 forum
3075 4417 3098 4450 ,
3149 4365 3261 4428 vix

275 4488 359 4538 ut
404 4471 573 4540 mihi
628 4473 843 4542 tenuis
914 4467 1219 4558 quaedam
1270 4469 1460 4532 venia
1514 4467 1775 4534 daretur
1827 4467 2264 4544 excusationis
2303 4521 2323 4553 ,
2389 4467 2562 4557 quod
2630 4487 2856 4534 tamen
2921 4487 3080 4534 eum
3147 4461 3267 4530 de-

276 4570 656 4661 fenderem,
704 4575 822 4662 qui
872 4571 1035 4638 mini
1088 4569 1359 4658 quaestor
1410 4567 1656 4636 fuiffet.
1710 4572 1843 4639 Hic
1896 4589 2023 4658 ego
2072 4568 2230 4659 quid
2255 4563 2496 4638 'dicam
2547 4589 2655 4638 me
2705 4584 2916 4635 artem
2967 4567 3266 4654 aliquam

276 4673 686 4743 adhibuisse?
742 4672 903 4763 quid
960 4671 1272 4753 fecerim,
1326 4667 1641 4738 narrabo.
1697 4670 1763 4737 si
1816 4670 2129 4759 placuerit
2165 4723 2188 4757 ‚
2257 4691 2384 4740 vos
2433 4691 2652 4740 meam
2703 4669 3150 4738 defensionem
3194 4662 3264 4728 in

276 4777 505 4866 aliquo
557 4775 721 4842 artis
772 4775 925 4840 loco
975 4771 1329 4858 reponetis.
3142 4801 3148 4806 ’

380 4877 710 4944 Omnium
772 4873 1163 4940 seditionum
1216 4889 1459 4959 genera
1499 4921 1526 4953 5
1572 4871 1733 4938 vitia
1778 4925 1799 4960 ,
1870 4873 2167 4961 pericula
2236 4873 2486 4960 collegi
2550 4890 2830 4960 eamque
2895 4865 3266 4934 orationem

274 4999 355 5048 ex
414 4979 600 5050 omni
650 4971 1021 5064 reipublicae
1092 4969 1325 5040 nostrae
1393 4988 1770 5060 temporum
1818 4975 2135 5042 varietate
2204 4975 2540 5060 repetiv13
2611 4965 3030 5055 conclufique
3095 4962 3187 5030 ita
3239 5011 3270 5052 ,

3083 5078 3160 5130 ut.
