4359 6321
68 3677 71 3866 ἱ

927 525 2751 657 ιιΒΕκςΕσυΝοσι
3070 566 3203 703 Q

415 684 560 751 L11„
615 684 872 748 Rerum
919 681 1442 769 expetendarum
1495 683 1624 750 tria
1677 700 1920 769 genera
1977 681 2124 749 sunt
2177 732 2194 748 .
2268 688 2395 751 Par
2444 703 2663 753 autern
2718 703 3040 751 numerus
3092 692 3311 755 vitan

304 784 544 853 darum
595 803 682 849 ex
736 783 1063 851 contraria
1115 800 1348 869 parte.
1419 784 1597 849 Nam
1649 782 1744 849 est
1793 780 2114 870 quiddam
2159 834 2183 867 ‚
2233 782 2412 875 quod
2468 785 2582 854 sua
2634 786 2701 853 vi
2754 806 2875 853 nos
2927 786 3173 853 alliciat
3234 788 3323 853 ad

235 885 240 891 ’
301 882 492 971 sese,
547 904 686 951 non
717 884 1194 967 emolumento
1239 898 1512 969 captans
1563 884 1831 974 aliquo,
1887 880 1996 949 sed
2047 882 2314 951 trahens
2371 884 2487 954 sua
2541 887 2910 977 dignitate3
2962 868 3146 977 qued'
3190 906 3309 977 ge-

296 1006 430 1053 nus
481 985 692 1053 virt-ns
733 1036 756 1068 ,
831 983 1156 1068 scientia,
1231 984 1470 1050 veritas
1513 982 1660 1050 est.
1737 981 1940 1051 Aliud
1989 1002 2218 1059 autem
2288 1008 2431 1055 non
2474 1006 2733 1077 propter
2788 986 2979 1055 suam
3034 988 3169 1053 vim
3228 988 3299 1054 &

293 1104 623 1155 naturam
665 1138 686 1169 ,
723 1082 842 1169 ‚sed
891 1100 1149 1174 propter
1206 1083 1496 1163 fructum
1537 1136 1557 1167 ,
1627 1101 1827 1174 atque
1877 1084 2232 1163 utilitttem
2274 1140 2293 1171 ,
2357 1088 2724 1175 petendum
2764 1113 2783 1173 3
2854 1088 3031 1177 quod
3080 1110 3325 1179 genus⁸

293 1188 578 1275 pecunia
627 1184 720 1251 est
757 1233 772 1249 .
853 1184 960 1251 Est
1011 1205 1204 1273 porro
1253 1183 1568 1273 quiddam
1615 1206 1696 1250 ex
1751 1185 1992 1253 horum
2043 1186 2330 1274 partibus
2382 1186 2691 1264 §annum
2739 1239 2759 1271 ,
2826 1190 3007 1276 quod
3062 1194 3131 1259 ὅ(
3194 1189 3311 1255 sua

293 1287 370 1355 vi
409 1340 432 1371 ,
483 1290 552 1358 δι
608 1284 934 1375 dignitate
969 1308 1110 1373 ,nos
1142 1285 1479 1367 indu-stoa·
1519 1283 1702 1354 ducit
1743 1339 1766 1369 ‚
1837 1288 1908 1356 δε
1965 1308 2102 1373 prae
2153 1286 2217 1353 se
2267 1288 2604 1375 quandam
2670 1288 2841 1374 gerit
2894 1289 3257 1355 utilitatem
3298 1340 3319 1374 ,

293 1407 438 1475 quo
485 1389 700 1475 magis
750 1404 1154 1475 expetatur3
1207 1404 1287 1455 ut·
1334 1387 1623 1455 amicitia
1660 1440 1678 1471 ,
1731 1385 1898 1455 bona
1947 1385 2354 1455 existimatio
2390 1436 2409 1453 .
2490 1393 2714 1476 Atque
2762 1408 2847 1469 εις
2894 1387 3001 1454 his
3056 1388 3305 1455 imi-um

205 1570 210 1575 ⁸
263 1490 645 1559 .contraria
697 1488 934 1572 facile,
983 1486 1354 1555 tacentibus
1403 1486 1632 1573 nobiS,
1682 1486 2179 1575 intelligentur.

405 1590 528 1655 Sed
579 1604 656 1655 ut
705 1578 1075 1674 expeditius
1123 1590 1286 1655 ratio
1337 1588 1639 1656 tradatur
1675 1642 1699 1670 ,
1758 1608 1842 1655 ea
1879 1640 1902 1672 ,
1969 1610 2110 1677 quae
2163 1586 2502 1677 posuimus
2543 1642 2561 1673 ,
2634 1586 2823 1657 brevi
2871 1586 3319 1682 nominabun-

293 1708 450 1755 tur.
513 1692 694 1755 Nam
745 1690 810 1755 in
863 1691 1075 1777 primo
1123 1710 1382 1778 genere·
1403 1712 1563 1781 quat
1601 1688 1795 1776 fitur,
1841 1688 2720 1778 honestaappeuabumur:
2775 1713 2917 1777 quae
2970 1705 3193 1760 autem
3246 1692 3315 1755 in

295 1787 658 1877 secundo,
709 1789 892 1869 utilia
933 1840 950 1857 .
1021 1794 1181 1859 Haec
1231 1808 1457 1860 autem
1509 1793 1706 1859 tertia
1743 1844 1764 1877 ,
1841 1792 1997 1883 quia
2047 1809 2307 1907 partem
2356 1791 2714 1858 honestatis
2761 1792 3101 1857 continent
3149 1842 3167 1873 ,
3244 1792 3317 1859 δε

295 1891 460 1977 quia
517 1888 732 1969 maior
777 1891 872 1959 est
925 1890 1024 1959 vis
1067 1892 1428 1961 honestatis
1467 1944 1488 1977 ,
1559 1893 1792 1970 §unitae
1845 1912 1950 1960 res
1997 1894 2279 1959 omnino
2324 1915 2412 1961 ex
2464 1890 2712 1981 duplici
2766 1911 3015 1979 genere
3066 1890 3333 1956 intelli--

301 2005 608 2075 gentur:
689 1990 794 2055 sed
871 1993 939 2057 in
989 1993 1340 2059 meliorem
1390 2008 1645 2077 partem
1694 1991 1998 2063 vocabuli
2055 1994 2489 2061 conferantur
2532 2044 2559 2079 ,
2626 1996 2695 2063 δε
2766 1989 3035 2059 honesta
3090 1991 3325 2059 nomi-

303 2104 610 2155 nentur
667 2085 771 2151 Ex
821 2088 926 2153 his
973 2091 1152 2155 illud
1201 2090 1608 2171 conficitur,
1675 2108 1750 2171 ut
1803 2092 2317 2178 appetendarum
2372 2112 2601 2159 rerum
2650 2110 2866 2209 partes
2922 2090 3049 2170 {int
3102 2092 3324 2157 hone·-
3396 2167 3403 2173 ,

296 2188 440 2253 stas
495 2188 566 2255 δι
623 2184 932 2252 utilitas.
971 2188 1474 2274 vitandarum,
1527 2188 1906 2275 turpitudo
1925 2194 2000 2258 δι.
2057 2191 2413 2269 inutilitas
2438 2193 2596 2255 His
2650 2194 2855 2277 igitur
2910 2188 3166 2257 duabus
3216 2210 3328 2257 res

293 2288 478 2354 duae
499 2284 790 2373 grandes
845 2284 887 2351 s
883 2303 1006 2354 unt
1061 2286 1450 2373 attributae,
1502 2287 1940 2370 necestitudO,
1995 2290 2064 2357 &
2125 2286 2423 2357 affectio·
2474 2309 2763 2377 quarum
2812 2292 3017 2355 altera
3072 2310 3157 2355 mc
3211 2290 3319 2373 vi,

295 2388 514 2453 altera
563 2406 646 2453 ex
702 2404 772 2450 re
824 2388 895 2457 δι
955 2386 1244 2475 personis
1289 2340 1774 2455 confidentur..
1829 2390 1934 2455 De
1969 2404 2251 2477 utraque
2290 2386 2437 2521 'post
2480 2389 2773 2477 apertius
2808 2385 3325 2475 perscribemus.

293 2492 512 2555 Nunc
565 2484 914 2555 honestatis
967 2490 1255 2555 rationes
1305 2489 1604 2573 primum
1653 2488 2106 2573 explicemus.

409 2588 846 2672 L111.Q10d
895 2605 1124 2669 autem
1175 2606 1396 2655 totum
1449 2640 1471 2674 ‚
1543 2602 1657 2653 aut
1710 2587 1932 2676 aliqua
1983 2606 2071 2653 ex
2119 2602 2305 2673 parte
2350 2601 2619 2677 propter
2676 2586 2741 2655 se
2790 2591 3075 2676 petitur,
3120 2588 3335 2655 hone·-

287 2686 478 2757 stum
530 2686 1020 2759 nominabimus
1057 2738 1075 2756 .
1151 2694 1381 2775 Qare
1429 2709 1592 2759 cum
1643 2688 1789 2766 eius
1847 2688 1984 2757 duae
2035 2708 2256 2775 partes
2306 2689 2429 2755 fint
2464 2742 2488 2775 ,
2557 2708 2843 2777 quarum
2920 2687 3119 2754 altera
3174 2686 3333 2755 fima

284 2792 460 2877 plex
503 2812 524 2873 ·‚
575 2789 784 2856 altera
839 2790 1064 2867 iuncta
1117 2789 1195 2857 fit
1231 2842 1252 2875 ,
1304 2790 1670 2877 simplicem
1719 2790 1899 2876 prius
1940 2788 2469 2859 confideremus.
2528 2790 2639 2857 Est
2686 2791 2890 2877 igitur
2944 2790 3013 2854 in
3066 2810 3149 2854 eo
3202 2809 3319 2877 ge-

281 2910 471 2956 nere
519 2909 753 2956 omnes
803 2908 910 2957 res
975 2908 1112 2959 una
1189 2891 1578 2981 vi,·atque
1650 2910 1787 2965 uno
1862 2889 2134 2957 nomine
2207 2890 2513 2979 amplexa
2572 2892 2789 2957 virtus
2832 2939 2849 2956 .
2938 2892 3116 2955 Nam
3183 2890 3317 2955 vir-

281 3007 410 3058 tus
465 2987 560 3055 est
632 2988 836 3055 animi
903 2990 1228 3078 habitus,
1290 3008 1546 3063 naturae
1609 2990 1812 3059 modo
1849 3043 1874 3078 ,
1942 2991 2178 3059 rationi
2244 2992 2789 3059 consentaneus.
2863 2988 3323 3079 Qamobrem

280 3088 619 3159 omnibus
686 3091 832 3170 ejus
885 3093 1176 3180 partibus
1219 3094 1575 3183 cognitis,
1643 3108 1786 3170 tota
1857 3094 1956 3164 vis
2023 3093 2150 3162 erit
2224 3091 2531 3186 simplicis
2596 3090 2946 3164 honestatis
3024 3088 3319 3159 confide-

277 3179 487 3260 rita.
546 3190 778 3258 Habet
811 3193 1015 3280 igitur-
1041 3211 1254 3280 partes
1289 3211 1617 3286 quatuor,
1663 3195 2138 3285 prudentiam,
2185 3193 2545 3284 justitiam,
2596 3195 3097 3279 fortitudinem,
3148 3210 3321 3261 tem-

279 3295 722 3382 perantiam.

411 3389 778 3456 Prudentia
826 3386 922 3456 >est
973 3409 1194 3456 rerum
1235 3387 1611 3478 bonarum,
1665 3395 1739 3462 δε
1797 3395 2184 3476 malarum,
2234 3410 2755 3478 neutrarumque
2810 3390 3115 3458 scientia.
3168 3395 3335 3456 Par-

277 3509 402 3562 tes
458 3491 644 3568 ejus,
696 3491 1062 3574 memoria,
1110 3487 1592 3576 intelligentia,
1641 3490 2060 3577 providentia
2095 3539 2116 3556 .
2170 3491 2496 3558 Memoria
2542 3489 2639 3554 est
2690 3540 2711 3574 ,
2760 3507 2873 3576 per
2926 3505 3127 3572 quam
3180 3489 3321 3552 ani-

275 3613 466 3662 mus
517 3591 745 3679 repet-it
797 3591 910 3658 il-la
957 3644 980 3676 ,
1049 3614 1191 3681 quae
1243 3583 1516 3657 fuerunt
1555 3636 1572 3653 .
1645 3589 2106 3677 Intelligentia
2152 3587 2247 3654 est
2284 3641 2309 3675 ,
2376 3607 2491 3674 per
2536 3607 2745 3676 quam
2814 3603 2897 3652 ea.
2964 3581 3265 3672 perspicit
3304 3633 3332 3670 ,

271 3717 450 3786 quae
505 3692 660 3760 sunt
697 3741 716 3758 .
789 3693 1219 3760 Providentia
1258 3689 1352 3761 est
1388 3743 1420 3776 ,
1475 3710 1595 3779 per
1633 3707 1850 3778 quam
1895 3688 2211 3756 futurum
2258 3687 2510 3777 aliquid
2570 3685 2838 3754 videtur
2906 3701 3066 3752 ante
3116 3703 3321 3772 quam

277 3796 574 3866 factum
629 3793 778 3858 fit..
841 3866 848 3872 ‚
1381 3837 1390 3844 .
1543 3815 1546 3820 ·
1631 3867 1638 3874 .
1953 3815 1960 3822 ·
3170 3835 3181 3842 .
3326 3868 3333 3876 ·

397 3895 672 3976 Iustitia
717 3891 812 3958 est
863 3888 1419 3974 habitus-animi,
1471 3890 1821 3956 communi
1865 3887 2151 3954 utilitate
2202 3885 2641 3974 conservata,
2695 3883 2883 3954 suam
2919 3883 3160 3973 cuique
3210 3886 3325 3953 tri.

265 3998 522 4076 bueus
575 3993 970 4082 dignitatem
1005 4041 1024 4056 .
1079 3993 1236 4070 Ejus
1291 3993 1551 4058 initium
1601 3992 1696 4058 est
1749 4009 1788 4054 a
1833 3989 2074 4056 natura
2127 3987 2506 4075 profectum
2547 4012 2566 4054 :
2618 3985 2850 4054 deinde
2900 3989 3202 4076 quaedam
3250 3989 3325 4054 in

264 4094 863 4176 consuetudinem
909 4113 996 4158 ex
1053 4094 1354 4162 utilitatis
1401 4093 1654 4160 ratione
1707 4105 2094 4158 venerunt.
2169 4089 2386 4178 postea
2440 4109 2543 4156 res
2595 4070 2667 4158 8(
2728 4107 2767 4152 a
2817 4104 3063 4154 natura
3112 4088 3327 4176 profe-

267 4203 430 4270 &as
467 4251 494 4281 ,
534 4197 624 4264 δε
683 4215 722 4260 a
771 4192 1242 4262 consuetudine
1293 4199 1670 4284 probatas,
1717 4193 1950 4280 legum
1999 4208 2267 4275 metus,
2313 4191 2385 4258 δι.
2446 4187 2685 4285 religio
2737 4185 2999 4256 ianxit.

387 4303 662 4386 Natura
719 4297 838 4376 jus
869 4293 1008 4376 est,
1057 4297 1232 4384 quod
1288 4317 1423 4362 non
1475 4296 1702 4382 opinio
1747 4293 2024 4382 genuit,
2077 4289 2189 4358 sed
2242 4287 2546 4380 quaedam
2584 4288 2813 4354 innata
2852 4287 2953 4354 vis
2991 4284 3320 4376 inseruit,

269 4417 356 4468 ut
421 4399 873 4485 religionem,
925 4399 1296 4484 pietatem,
1348 4398 1678 4483 gratiam,
1735 4383 2302 4477 vindicationem,
2352 4386 2877 4473 observantiam,
2928 4385 3311 4458 veritatem.

267 4499 580 4586 Religio
625 4497 791 4583 est,
836 4519 988 4587 quae
1041 4494 1385 4584 super-ioris
1433 4495 1786 4574 cuiusdam
1839 4513 2100 4561 naturae
2171 4504 2427 4582 (quam
2474 4487 2775 4561 divinam
2828 4507 3067 4556 vocant
3116 4500 3142 4576 )
3195 4511 3311 4560 eu-

267 4623 442 4668 ram
491 4651 518 4684 ,
567 4600 1166 4688 caeremoniamque
1221 4596 1448 4664 affert.
1501 4596 1760 4680 Pietas,
1813 4615 1923 4682 per
1970 4613 2176 4685 quam
2230 4591 2551 4680 sanguine
2599 4587 3015 4676 coniunctis,
3068 4591 3323 4679 patriae-

265 4725 418 4794 que
483 4699 826 4767 benevolis
877 4700 1176 4768 officium
1229 4701 1300 4768 &
1356 4697 1640 4787 diligens
1689 4693 2000 4764 tribuitur
2052 4697 2313 4764 cultus.
2369 4690 2647 4776 Gratia,
2698 4693 2767 4758 in
2818 4710 2948 4780 qua
3002 4689 3322 4757 amicitia·-

267 4827 449 4876 rum
513 4805 594 4875 &-
649 4803 1022 4876 officiorum
1074 4800 1344 4878 alterius
1394 4798 1761 4885 memoria,
1811 4799 1883 4870 δι
1941 4796 2211 4868 alterius
2264 4791 2738 4874 ratumne-:ii
2792 4792 3111 4860 voluntas
3158 4808 3325 4858 con·

267 4911 603 4973 tinetur.
659 4905 1039 4974 vindicatio
1086 4903 1245 4974 est
1219 4925 1401 4992 ,per
1455 4923 1657 4993 quam
1709 4901 1813 4968 vis
1871 4903 1947 4971 δι
1997 4899 2237 4978 iniuria
2276 4948 2299 4984 ,
2372 4897 2443 4966 δε
2498 4895 2771 4964 omnino
2821 4913 3086 4976 omne,
3134 4885 3307 4978 quod

267 5005 710 5073 obfuturum
758 5001 916 5090 est,
981 5005 1402 5081 defendendo
1439 5058 1461 5091 ,
1527 5023 1640 5076 aut
1694 4999 2078 5074 ulciscendo
2127 4995 2601 5089 propulsatur.
2674 4988 3121 5062 observantia
3170 4984 3321 5071 est,

267 5127 398 5197 per
467 5121 690 5196 quam
741 5105 1048 5180 hemines
1097 5111 1319 5202 aliqua
1369 5107 1703 5202 dignitate
1773 5105 2233 5180 antecedentes
2302 5099 2493 5172 cultu
2568 5093 2865 5192 quodam
2932 5093 3009 5200 &U
3058 5087 3311 5256 διὲξ-οη
