4359 6321
714 434 1336 526 LIBER
1457 435 2557 539 SECUNDUS.
2848 386 3020 594 ¹33

163 550 227 625 se
275 552 356 623 de
406 550 507 619 his
561 550 754 636 rebus
801 552 1200 639 habuissent,
1251 554 1638 623 mandarem
1689 558 1946 645 literis;
1998 562 2106 632 vel
2159 580 2235 629 ut
2282 566 2405 632 illa
2456 568 2715 658 opinio,
2766 595 2911 665 qua:
2967 586 3135 648 lem·-

159 678 272 746 per
320 654 530 721 fuisset
569 708 588 740 ,
657 654 999 723 tolleretur
1037 708 1058 741 ‚
1106 657 1392 722 alterum
1450 676 1580 722 non
1633 656 2070 728 doffiffimum
2116 717 2136 749 ,
2204 665 2494 737 alterum
2550 672 2742 758 plane
2795 674 3141 746 indORum

161 756 328 829 fuisse
347 778 372 818 .·
433 758 540 823 vel
595 773 668 823 ut
715 776 832 840 ea,
879 778 1018 845 quae
1067 755 1514 823 existimarem
1565 779 1604 823 a
1659 758 1936 826 summis
1991 764 2369 835 oratoribus
2418 771 2498 837 de
2550 774 2927 865 eloquentia
2978 777 3149 843 divi·

155 859 326 925 nitus
375 854 500 923 effe
551 857 766 943 dieta,
817 858 1210 923 custodirem
1264 858 1472 925 literis
1513 910 1534 943 ,
1583 857 1632 924 fi
1684 860 1830 927 ullo
1879 861 2080 929 modo
2133 868 2371 957 affequi
2412 924 2433 955 ,
2500 876 2979 967 compleffique
3028 900 3144 968 po-

155 958 408 1025 miffem
451 982 466 1021 ε
540 955 645 1027 vel
697 958 1088 1027 mehercule
1155 958 1356 1025 etiam
1425 974 1499 1025 ut
1548 960 1820 1027 laudern
1871 983 2106 1031 eorum
2161 966 2299 1042 jam
2348 993 2544 1059 prope
2616 976 3065 1046 senescentem
3118 1032 3143 1068 ,

151 1076 479 1150 quantum
529 1080 656 1149 ego
705 1058 946 1149 possem
976 1112 995 1144 ,
1051 1056 1132 1124 ab
1173 1057 1510 1126 oblivione
1560 1061 1912 1129 hominum
1947 1118 1969 1149 ‚
2038 1081 2236 1155 atque
2284 1088 2323 1133 a
2377 1071 2643 1141 silentio
2696 1078 3151 1149 vindicarem.

151 1164 326 1229 Nam
385 1160 436 1227 fi
485 1181 568 1228 ex
629 1160 880 1248 scriptis
929 1159 1242 1249 cognosci
1313 1161 1427 1249 ipsi
1479 1158 1614 1229 suis
1665 1165 2011 1249 potuissent
2054 1220 2076 1252 ‚
2141 1170 2366 1237 minus
2438 1170 2565 1240 hoc
2652 1176 2913 1243 fortasse
2984 1180 3155 1249 mihi

147 1262 264 1331 effe
317 1263 638 1353 putassem
693 1262 1160 1330 laborandum.
1213 1259 1336 1327 Sed
1387 1284 1544 1334 cum
1599 1264 1761 1333 alter
1813 1286 1948 1333 non
2001 1269 2297 1335 multum
2338 1324 2359 1356 ,
2408 1273 2635 1361 (quod
2691 1276 2987 1365 quidem
3036 1297 3157 1344 ex.

150 1375 414 1452 taret,)
469 1367 538 1435 δι
598 1363 883 1453 idipsum
933 1360 1311 1429 adolescens
1355 1390 1380 1452 3
1429 1364 1600 1431 alter
1655 1365 1827 1433 nihil
1881 1368 2251 1436 admodum
2306 1369 2525 1461 scripti
2578 1376 2981 1466 reliquissem
3040 1376 3157 1445 de..

147 1466 280 1534 beri
337 1468 465 1533 hoc
515 1488 554 1533 a
609 1486 718 1533 me
769 1466 964 1531 tantis
1013 1464 1368 1531 hominum
1419 1466 1701 1557 ingeniis
1757 1471 2046 1557 putavi,
2117 1488 2189 1536 ut
2226 1523 2245 1556 ,
2320 1494 2479 1540 cum
2530 1476 2733 1544 etiam
2807 1500 2990 1547 nunc
3051 1478 3151 1544 vi-

147 1588 310 1635 vam
363 1566 632 1635 illorum
683 1568 1075 1634 memoriam
1129 1584 1540 1653 tenerorum,
1589 1569 1762 1636 hanc
1815 1572 2265 1639 immortalem
2316 1574 2700 1663 redderem,
2754 1577 2801 1643 fi
2864 1578 3154 1666 poss‘em.

253 1668 459 1754 Qod
511 1670 639 1737 hoc
689 1670 889 1736 etiam
943 1667 1046 1755 spe
1099 1670 1442 1757 aggredior
1498 1672 1753 1749 majore
1806 1672 1886 1737 ad
1938 1672 2351 1759 probandum
2394 1726 2413 1760 ,
2464 1678 2621 1767 quia
2678 1698 2815 1745 non
2866 1678 2946 1745 de
2998 1682 3144 1747 Ser·

149 1770 244 1836 vii
298 1768 530 1839 Galba:
567 1826 586 1858 ,
655 1788 764 1838 aut
815 1776 892 1837 C.
915 1768 1227 1836 Carbonis
1295 1771 1666 1859 eloquentia
1725 1771 1934 1841 scribo
2003 1776 2251 1864 aliquid
2296 1828 2315 1860 ,
2382 1778 2451 1843 in
2526 1798 2659 1868 quo
2726 1780 2920 1847 liceat
2974 1777 3143 1845 mihi

147 1869 459 1956 fingere,
511 1872 558 1933 si
610 1868 770 1955 quid
825 1871 1068 1953 velim,
1118 1869 1370 1933 nullius
1421 1874 1748 1938 mem-orla
1801 1874 1937 1950 jam
1989 1876 2334 1943 refellente
2375 1902 2395 1940 .-
2476 1878 2581 1945 sed
2651 1902 2778 1971 ego
2864 1880 3004 1947 haec
3063 1881 3144 1947 iis

39 2031 46 2039 .
147 1966 622 2056 cognoscenda
659 2017 680 2051 ‚
751 1968 862 2053 qui
909 1986 1024 2031 eos
1079 1966 1244 2051 ipsos
1287 2016 1308 2049 ,
1357 1968 1438 2033 de
1489 1970 1724 2055 quibus
1779 1964 2014 2058 loquor
2053 2026 2076 2058 ,
2147 1976 2305 2061 saepe
2356 1978 2713 2045 audierunt
2759 2006 2779 2065 3
2848 1995 2922 2048 ut
2974 1980 3141 2047 duos

146 2068 460 2135 fiimmos
517 2070 691 2133 viros
728 2130 748 2161 ‚
796 2068 877 2132 iis
932 2068 1044 2157 qui
1100 2082 1408 2131 neutrum
1453 2066 1730 2134 illorum
1786 2072 2068 2137 viderint
2107 2125 2130 2157 ‚
2198 2095 2429 2139 eorum
2469 2129 2493 2159 ‚
2541 2079 2775 2165 quibus
2828 2074 3022 2145 ambo
3074 2076 3153 2143 il·
3226 2074 3245 2105 ·’

148 2170 195 2235 li
253 2184 558 2233 oratores
607 2167 862 2253 cogniti
917 2167 1040 2233 fint
1079 2217 1100 2251 ,
1175 2164 1620 2237 vivorum&
1678 2166 2092 2255 praesentium
2143 2175 2467 2241 memoria
2518 2176 2673 2243 teste
2712 2228 2733 2263 ‚
2798 2197 3149 2249 commen-

143 2270 390 2340 demus
421 2314 440 2335 .

251 2372 390 2435 ΙΙΙΊ
445 2370 592 2437 Nec
647 2388 804 2435 vero
855 2382 917 2434 te
955 2420 975 2452 ,
1045 2367 1365 2437 cariffime
1422 2372 1624 2437 frater
1663 2421 1684 2456 ‚
1755 2387 1946 2460 atque
1999 2375 2249 2461 optime
2281 2425 2306 2460 ,‚
2378 2374 2722 2443 rhetoricis
2774 2398 2957 2445 nunc
3008 2378 3153 2467 qui-

143 2467 434 2537 busdam
491 2468 714 2554 libris,
763 2490 926 2559 quos
965 2482 1050 2533 -tu
1111 2470 1395 2556 agrestes
1445 2488 1677 2557 putaS,
1731 2472 2032 2559 insequor
2073 2490 2147 2541 ut
2184 2472 2524 2542 erudiam..
2576 2478 2753 2561 Quid
2804 2478 2984 2543 enim
3036 2496 3157 2545 tua

137 2570 355 2661 potest
413 2572 714 2637 oratione
765 2583 879 2637 aut
933 2568 1237 2636 subtilius
1279 2624 1302 2655 ,
1355 2587 1465 2635 aut
1513 2570 1808 2641 ornatius
1849 2572 1984 2639 ‘effe
2025 2575 2052 2636 ἒ
2105 2576 2229 2641 Sed
2284 2576 2600 2663 quoniam
2655 2576 2785 2641 sive
2837 2576 3085 2653 judicio
3128 2628 3157 2664 ,

140 2690 212 2739 ut
267 2671 449 2738 soles
499 2670 710 2737 dicere
751 2697 772 2757 3
827 2669 952 2737 five
987 2719 1010 2754 ‚
1063 2687 1135 2737 ut
1191 2671 1306 2738 ille
1357 2688 1538 2756 pater
1591 2673 1978 2761 eloquentiae
2030 2673 2110 2741 de
2163 2674 2229 2741 se
2282 2675 2597 2743 Isocrates
2652 2674 2903 2764 scripsit
2956 2672 3089 2765 ipse
3128 2724 3153 2763 ,

133 2772 392 2859 pudore
440 2823 464 2856 ,
513 2791 551 2836 a
600 2772 882 2838 dicendo
915 2824 934 2856 ,
986 2771 1057 2838 δε
1115 2770 1466 2837 timiditate
1520 2774 1811 2860 ingenua
1865 2774 2158 2862 quadam
2211 2774 2505 2866 refugisti
2547 2803 2567 2863 3
2638 2776 2770 2844 five
2804 2829 2825 2862 ‚
2896 2794 2973 2846 ut
3022 2775 3157 2863 ipse

139 2874 348 2951 iocari
407 2870 580 2941 soles
615 2924 638 2958 ,
707 2892 922 2941 unum
975 2870 1205 2958 putasti
1279 2873 1432 2939 satis
1501 2874 1624 2941 esse
1679 2896 1814 2943 non
1867 2873 2066 2943 modo
2135 2877 2207 2945 in
2258 2898 2394 2945 una
2450 2877 2704 2945 familia
2756 2877 3089 2945 rhetorem
3128 2928 3153 2964 ,

136 2973 253 3041 sed
309 2995 483 3061 pene
531 2974 600 3039 in
650 2989 786 3040 tota
835 2974 1141 3041 civitate:
1198 2994 1330 3041 non
1384 2990 1608 3041 tamen
1661 2973 1935 3043 arbitror
1989 2974 2104 3043 tibi
2155 2977 2279 3045 hos
2332 2977 2543 3046 libros
2598 2980 2667 3044 in
2715 2998 2797 3045 eo
2840 2976 2983 3050 fore
3036 2997 3151 3067 ge·
3240 3034 3253 3047 .

133 3096 308 3141 nere
347 3127 370 3157 ‚
425 3072 608 3160 quod
661 3076 895 3137 merito
947 3093 1208 3157 propter
1261 3095 1490 3141 eorum
1534 3129 1553 3158 ,
1608 3078 1724 3165 qui
1774 3078 1856 3143 de
1909 3076 2164 3145 dicendi
2218 3080 2477 3148 ratione
2524 3079 2943 3167 disputarunt
2992 3128 3014 3166 ‚
3067 3076 3157 3155 je-

131 3176 518 3254 junitatem
569 3170 891 3236 bonarum
942 3173 1184 3236 artium
1239 3174 1416 3257 poffit
1469 3175 1701 3242 illudi.
1754 3175 1940 3246 Nihil
1991 3181 2174 3246 enim
2226 3181 2391 3246 mihi
2445 3180 2715 3266 quidem
2765 3180 3033 3247 videtur
3086 3180 3156 3245 in

127 3269 356 3342 Craffi
403 3321 428 3355 ,
499 3271 568 3338 δι
628 3270 904 3336 Antonii
959 3269 1256 3336 sermone
1307 3273 1428 3338 effe
1481 3278 1884 3358 praeteritum
1933 3325 1958 3359 ,
2006 3278 2178 3364 quod
2230 3271 2583 3364 quisquam
2636 3276 2911 3346 summis
2966 3279 3157 3362 inge-

127 3377 274 3444 niis
319 3423 342 3454 ,
401 3368 740 3437 acerrimis
793 3367 1016 3438 studiis
1056 3423 1076 3454 ‚
1126 3370 1372 3455 optima
1421 3369 1768 3456 dostr-ina,
1821 3376 2120 3440 maximo
2170 3374 2295 3438 usu
2348 3375 2663 3462 cognosci
2706 3426 2727 3461 ‚
2778 3397 2857 3442 ac
2908 3373 3159 3460 percipi

125 3470 427 3566 potuisse
479 3469 960 3538 arbitrareturt
1035 3469 1208 3560 quod
1261 3486 1332 3535 tu
1391 3471 1711 3538 facillime
1787 3476 2024 3559 poteris
2077 3470 2365 3556 judicare
2408 3525 2429 3558 ‚
2498 3475 2611 3561 qui
2682 3473 3103 3561 prudentiam
3138 3523 3163 3558 ,

127 3578 630 3662 rationemque
679 3570 935 3639 dicendi
991 3592 1104 3660 per
1152 3587 1217 3636 te
1269 3569 1482 3658 ipsum
1513 3597 1541 3658 .;
1597 3569 1792 3644 usum
1847 3589 2068 3640 autem
2118 3594 2234 3662 per
2292 3595 2411 3642 nos
2462 3577 2795 3662 percipere
2846 3571 3150 3640 voluisti.

125 3676 268 3746 Sed
333 3695 486 3765 quo
538 3673 732 3742 citius
785 3671 950 3755 hoc,
1001 3669 1180 3762 quod
1237 3669 1635 3760 suscepimus
1691 3727 1711 3758 ,
1760 3693 1897 3740 non
1953 3673 2287 3740 mediocre
2339 3695 2589 3740 munus
2639 3673 2967 3744 conficere
3017 3669 3159 3759 pos-

111 3779 358 3846 ‘fimus
408 3828 431 3860 ,
484 3773 708 3840 omiffa
762 3770 968 3840 nostra
1019 3772 1480 3840 adhortatione
1517 3826 1535 3857 ,
1611 3771 1694 3840 ad
1749 3793 1988 3840 eorum
2031 3824 2051 3860 ‚
2107 3795 2276 3862 quos
2326 3773 2786 3862 proposuimus
2826 3827 2849 3862 ,
2920 3771 3161 3840 sermo·

121 3901 356 3964 nem,
414 3873 1072 3962 disputationemque
1125 3873 1508 3954 tremamus.
1575 3913 1586 3934 .

239 3972 788 4063 Postero'igitur
835 3975 980 4060 die,
1031 3993 1232 4064 quam
1286 3977 1406 4042 illa
1454 3993 1648 4042 erant
1704 3975 1892 4061 afta,
1943 3975 2108 4042 hora
2159 3967 2295 4044 fere
2351 3969 2635 4046 secunda
2679 4028 2701 4063 ,
2749 3995 2909 4043 cum
2958 3973 3158 4042 etiam

121 4103 284 4150 tum
343 4081 424 4148 in
487 4075 659 4144 lesto
709 4075 968 4144 Crassus
1017 4077 1213 4162 esset,
1263 4079 1334 4146 δε
1394 4075 1564 4166 apud
1613 4097 1770 4147 eum
1823 4078 2156 4164 Sulpicius
2214 4076 2501 4165 sederet,
2550 4076 2886 4146 Antonius
2936 4089 3163 4150 autem

121 4179 608 4252 inambularet
659 4197 818 4248 cum
869 4183 1066 4244 Cotta
1119 4179 1188 4242 in
1241 4180 1544 4265 porticu,
1595 4193 1860 4266 repente
1911 4178 2445 4264 eo·Q6atulus
2500 4169 2693 4246 senex
2748 4197 2907 4246 cum
2948 4176 3166 4252 C.Ju-

123 4285 224 4352 lio
287 4285 514 4350 fratre
577 4281 814 4348 venit:
883 4279 1056 4367 quod
1107 4275 1216 4344 ubi
1267 4278 1519 4344 audivit
1561 4328 1582 4362 ‚
1651 4296 2033 4348 commotus
2087 4277 2349 4346 Craffus
2401 4278 2685 4346 surrexit
2727 4273 3167 4365 ;.omnesque

121 4384 514 4468 admirati,
569 4383 890 4461 majorem
945 4380 1238 4468 aliquam
1292 4379 1410 4446 effe
1461 4376 1730 4446 causam
1779 4401 2014 4447 eorum
2064 4375 2394 4446 adventus
2444 4373 2743 4467 suspicati
2785 4376 2969 4449 sunt.
3025 4380 3165 4460 Qui
3213 4466 3217 4480 ι

118 4509 294 4558 cum
351 4485 550 4552 inter
603 4483 706 4568 se,
759 4499 835 4549 ut
885 4479 1176 4569 ipsorum
1229 4479 1385 4547 usus
1441 4478 1726 4566 ferebat,
1777 4471 2154 4548 amiciffime
2206 4479 2759 4568 consalutaffent„
2809 4475 2992 4564 Qid
3050 4497 3165 4546 vos

119 4587 471 4660 tandem?
533 4583 1068 4670 Craffuspnum
1118 4583 1480 4672 quidnam,-
1532 4584 1790 4673 inquit‚
1837 4582 2042 4652 novi?
2099 4582 2291 4652 Nihil
2350 4584 2542 4667 iane,
2596 4580 2812 4672 inquit
2832 4577 3155 4648 Catulus,

121 4691 414 4761 Etenim
479 4685 674 4752 vides
725 4687 846 4754 effe
898 4683 1120 4752 ludos.
1175 4683 1296 4751 Sed
1350 4685 1457 4752 vel
1513 4701 1584 4752 tu
1639 4705 1762 4751 nos
1816 4681 2071 4772 ineptos
2125 4683 2319 4769 licet,
2372 4679 2587 4774 inquit
2630 4735 2651 4770 ‚
2702 4681 2809 4748 vel
2864 4677 3165 4748 molestos

119 4812 366 4883 putes.
427 4795 623 4856 Cum
677 4785 764 4853 ad
815 4807 922 4852 me
973 4789 1040 4854 in
1095 4785 1558 4854 Tusculanum
1604 4837 1626 4873 ,
1675 4788 1889 4876 inquit
1933 4839 1954 4874 ‚
2004 4785 2146 4854 heri
2204 4783 2457 4874 vesperi
2510 4779 2773 4854 venisset
2825 4777 3036 4850 Caesar
3088 4775 3168 4840 de

121 4891 564 4966 Tusculano
619 4885 738 4956 suo
773 4940 793 4976 ‚
867 4885 1030 4956 dixit
1083 4889 1245 4958 mihi
1287 4944 1306 4977 ‚
1357 4910 1394 4956 a
1451 4889 1516 4958 se
1566 4889 1928 4958 Scaevolam
1981 4887 2137 4956 hinc
2191 4875 2461 4956 euntem
2510 4886 2634 4954 effe
2683 4894 3091 4952 conventum
3142 4925 3167 4961 ,

119 5020 212 5066 ex
275 5013 434 5088 quo
491 4988 670 5056 mira
717 4989 1015 5084 quaedam
1069 4988 1132 5061 se
1181 4991 1420 5062 audiffe
1471 4989 1770 5063 dicebat:
1825 5007 1890 5062 te
1931 5043 1952 5078 ‚
1999 5007 2199 5082 quem
2251 5009 2384 5156 {5⁰
2436 4989 2627 5056 toties
2676 4979 2858 5053 omni
2915 4976 3173 5144 rtatione

349 5099 558 5160 Tom.
585 5097 644 5162 I.
2959 5095 3083 5170 eng

4328 6 4343 166 ν*
