4359 6321
659 486 1281 575 LIBER
1403 484 2521 582 SECUNDUS.
2844 514 3015 615 167

150 613 292 697 isti,
342 603 588 696 quide
655 618 793 669 arte
859 602 1114 670 dicendi
1187 600 1635 690 praecipiunt&
1713 602 2074 673 videntur.
2155 608 2361 695 Qiod
2426 614 2609 679 enim
2686 611 2801 703 ipsi
2890 624 3141 707 experti

139 735 274 783 non
327 708 480 779 sunt
523 758 548 792 ,
613 704 682 773 id
731 704 967 773 docent
1011 720 1332 775 caeter05.
1414 705 1534 771 Sed
1582 705 1714 773 hoc
1767 706 1991 776 minus
2045 706 2305 779 fortaffe
2376 728 2601 781 errant
2644 764 2671 799 ,
2750 715 2923 805 quod
2998 740 3133 785 non

141 834 210 884 te
259 864 278 895 ‚
333 826 414 877 ut
469 805 878 875 Annibalem
933 806 1116 893 ,sed
1169 824 1412 894 pueros
1457 858 1484 891 ,
1537 823 1648 874 aut
1696 804 2228 879 adolescentulos
2282 811 2513 883 docere
2572 834 2936 887 conantur.

237 916 426 981 XIX.
489 914 752 996 ErraS,
821 910 1118 996 Catule,
1187 909 1402 997 inquit
1472 909 1862 981 Antonius.
1936 912 2118 979 Nam
2182 932 2451 1002 egomet
2526 920 2595 985 in
2658 920 2927 989 ,multos
2998 920 3135 997 jam

140 1014 573 1083 Phormiones
627 1009 886 1081 incidi.
942 1010 1112 1095 Qiis
1160 1009 1346 1077 enim
1397 1006 1486 1075 est
1539 1008 1812 1077 istorum
1887 1014 2283 1081 Graecorum
2319 1067 2342 1102 ‚
2410 1020 2525 1107 qui
2574 1042 2963 1111 quenquam
3016 1042 3135 1089 no.

143 1117 340 1184 strum
390 1111 762 1204 quidquam
819 1112 1190 1201 intelligere
1242 1108 1598 1177 arbitretur
1638 1114 1673 1173 ,ἒ
1745 1114 1850 1179 Ac
1923 1113 2088 1181 mihi
2161 1114 2436 1204 quidem
2506 1140 2639 1185 non
2715 1122 2805 1188 ita
2882 1123 3139 1191 molesti

147 1218 358 1303 sunt3
417 1214 622 1282 facile
674 1234 910 1282 omnes
960 1214 1288 1303 perpetior
1337 1214 1410 1281 δε
1465 1209 1722 1297 persero
1775 1259 1792 1278 .
1845 1216 2026 1281 Nam
2073 1234 2191 1281 aut
2240 1216 2493 1304 aliquid
2550 1218 2833 1287 afferunt
2866 1276 2885 1306 ,
2958 1223 3135 1311 quod

145 1320 300 1387 mihi
351 1339 496 1383 non
551 1316 950 1405 displiceat:
1003 1332 1120 1383 aut
1167 1314 1520 1398 efficiunt,
1589 1330 1668 1381 ut
1735 1336 1846 1381 me
1915 1336 2049 1383 non
2099 1315 2389 1385 didiciffe
2458 1320 2685 1387 minus
2740 1323 3061 1409 poeniteat
3116 1370 3137 1387 .

151 1418 428 1487 Dimitto
476 1438 701 1489 autern
755 1439 869 1489 eos
921 1440 1054 1485 non
1105 1433 1248 1484 tam
1299 1414 1816 1503 contumeliose,
1866 1437 2070 1505 quam
2122 1417 2595 1506 philosophum
2670 1421 2870 1491 illurn
2925 1422 3139 1487 Anni.

147 1520 305 1608 bal,
377 1524 452 1592 &
528 1544 612 1589 eo
657 1520 914 1587 fortasse
981 1522 1140 1609 plus
1201 1516 1414 1587 habeo
1459 1520 1670 1586 etiam
1745 1520 2054 1607 negotii:
2127 1518 2238 1587 sed
2290 1536 2519 1589 tamen
2591 1518 2687 1588 est
2740 1545 2973 1596 eorum
3022 1525 3141 1591 do-

145 1622 396 1707 etrina,
449 1640 780 1713 quantum
827 1644 962 1712 ego
1017 1622 1309 1709 judicare
1363 1620 1614 1709 poffum
1651 1672 1672 1707 ‚
1747 1612 2150 1709 perridicula
2188 1668 2209 1685 .
2282 1622 2621 1689 Dividunt
2665 1626 2857 1692 enim
2928 1641 3143 1691 totam

143 1744 286 1791 rem
341 1727 410 1790 in
453 1726 628 1791 duas
683 1741 960 1815 parter,
1029 1728 1102 1792 in
1170 1723 1384 1791 causae
1453 1724 2046 1811 controversiam,
2113 1725 2185 1795 δε
2244 1722 2312 1789 in
2364 1722 2738 1813 quaestionis
2784 1774 2803 1791 .
2856 1714 3144 1812 Causam

143 1823 544 1911 appellant,
593 1848 736 1895 rem
793 1828 1070 1915 politam
1121 1830 1211 1913 (⁴²
1243 1837 1270 1907 )
1324 1827 1388 1891 in
1443 1824 1908 1911 disceptatione
1977 1846 2209 1895 rerum
2260 1826 2330 1895 &
2408 1826 2914 1894 controverfia·
2970 1850 3145 1912 quae-

136 1924 414 2002 stionem
471 1943 756 2009 autem,
823 1950 964 1993 rern
1018 1927 1287 2013 pofitan.
1361 1926 1430 1988 in
1507 1924 1769 1991 infinita
1839 1925 2300 1995 dubitatione.
2374 1930 2479 1993 De
2544 1927 2743 1995 causa
2822 1944 3144 2018 praecepta

144 2023 306 2089 dant
351 2047 366 2088 ε
431 2025 512 2093 de
561 2024 766 2091 altera
817 2042 1000 2113 parte
1047 2023 1316 2091 dicendi
1367 2024 1616 2090 mirum
1671 2025 2004 2093 silentium
2055 2028 2207 2094 est.
2280 2029 2583 2117 Denique
2636 2030 2889 2095 faciunt
2960 2029 3143 2118 quasi

147 2120 459 2190 membra
509 2126 898 2213 eloquentiae¹
938 2177 958 2210 ‚
1011 2126 1308 2190 invenire
1359 2124 1515 2210 quid
1571 2124 1749 2188 dicas
1794 2174 1814 2207 ,
1863 2128 2134 2191 inventa
2190 2127 2531 2213 disponere
2572 2178 2595 2212 ,
2661 2128 2897 2193 deinde
2946 2150 3145 2193 orna-

151 2246 223 2291 re
287 2224 499 2291 verbis
539 2276 560 2309 ‚
607 2226 744 2311 post
796 2228 1127 2293 memoriae
1181 2224 1498 2291 mandare
1535 2276 1556 2307 ‚
1612 2240 1760 2290 tum
1811 2225 1892 2288 ad
1941 2244 2323 2294 extremum
2374 2246 2570 2314 agere
2614 2279 2635 2310 ‚
2706 2246 2783 2293 ac
2855 2250 3149 2314 pronun-

151 2328 316 2393 tiare
354 2350 375 2390 ι
427 2342 580 2391 rem·
617 2325 776 2391 sane
826 2349 962 2393 non
1017 2325 1425 2391 reconditam
1463 2372 1480 2391 .
1531 2327 1703 2407 Qis
1751 2326 1931 2391 enim
1985 2328 2120 2397 hoe
2162 2344 2302 2395 non
2358 2325 2473 2395 sua
2528 2326 2753 2413 sponte
2830 2330 3067 2395 viderit
3127 2380 3151 2415 ‚

153 2431 495 2493 neminem
549 2427 715 2515 pofl‘e
787 2444 936 2515 apte
1007 2426 1230 2493 dicere
1269 2480 1288 2512 ‚
1357 2426 1478 2491 nisi
1557 2428 1626 2493 ὅ(
1704 2427 1861 2514 quid
1931 2426 2174 2495 diceret
2215 2481 2234 2513 ‚
2311 2429 2380 2497 δε
2437 2426 2673 2516 quibus
2726 2425 2941 2496 verbis
2980 2482 3001 2514 ,
3070 2430 3140 2511 dt

153 2550 286 2617 quo
339 2526 572 2613 ordine
623 2529 868 2596 diceret
909 2582 930 2614 ,
997 2527 1268 2595 haberet
1308 2579 1327 2612 ‚
1401 2529 1470 2594 ὅτ.
1525 2547 1604 2593 ea
1657 2528 2109 2593 meminiffet?
2186 2533 2411 2616 Atque
2452 2529 2601 2595 haec
2672 2550 2803 2615 ego
2856 2552 2987 2597 non
3044 2548 3147 2602 re-

155 2628 486 2717 prehendo
521 2652 546 2694 .-
623 2629 728 2696 sed
779 2647 931 2695 ante
979 2632 1210 2697 oculos
1257 2627 1464 2715 polita
1529 2628 1650 2693 effe
1719 2628 1868 2693 dico
1906 2680 1925 2712 ,
1977 2646 2052 2695 ut
2121 2652 2235 2697 eas
2306 2631 2463 2695 item
2534 2645 2826 2717 quatuor
2861 2683 2884 2713 ,
2955 2633 3151 2719 quin-

156 2752 322 2819 que,
379 2732 578 2797 sexve
631 2751 888 2819 partes,
947 2731 1049 2796 vel
1103 2733 1306 2795 etiam
1353 2730 1600 2816 leptem
1642 2780 1662 2812 ‚
1733 2740 1761 2817 (
1811 2732 2138 2817 quoniam
2218 2730 2412 2797 aliter
2477 2727 2558 2793 ab
2630 2729 2776 2797 aliis
2834 2730 3149 2818 digerun-

157 2848 260 2897 tur
317 2846 342 2920 )
427 2831 494 2897 in
565 2854 730 2922 quas
795 2832 890 2898 est
941 2830 1022 2897 ab
1091 2832 1197 2900 his
1250 2834 1466 2898 omnis
1536 2831 1752 2895 oratio
1821 2826 2225 2899 distributa.
2302 2828 2547 2909 Jubent
2617 2832 2798 2897 enim
2865 2832 3155 2897 exordiri

155 2932 286 3019 ita,
341 2950 420 3002 ut
469 2954 670 3019 eum,
721 2935 836 3024 qui
891 2934 1114 3000 audiat
1163 2932 1562 3001 benevolum
1617 2932 1802 2997 nobis
1855 2930 2229 3023 faciamuS,
2281 2936 2353 3003 &
2411 2930 2755 3017 docilem,
2811 2935 2881 3001 δε
2938 2951 3153 3001 atten-

155 3046 337 3101 turn.
399 3034 653 3103 Deinde
705 3056 846 3102 rem
887 3056 1171 3104 narrare
1216 3089 1238 3122 ‚
1309 3038 1398 3103 ita
1473 3053 1551 3101 ut
1607 3010 1976 3100 verisimilis
2029 3035 2329 3103 narratio
2376 3032 2452 3098 fit
2490 3088 2513 3121 ,
2582 3051 2657 3103 ut
2710 3050 2930 3123 aperta
2970 3086 3004 3119 ‚
3075 3052 3153 3099 ut

156 3130 432 3201 brevis.
495 3136 645 3200 Post
696 3153 916 3200 autern
965 3137 1262 3204 dividere
1315 3136 1646 3221 causam,
1693 3152 1809 3203 aut
1865 3156 2273 3222 proponeret
2328 3133 2543 3203 nostra
2597 3136 2993 3204 confirmare
3054 3154 3153 3201 ar-

161 3235 500 3319 gumentis
571 3254 648 3299 ac
717 3234 1074 3302 rationibus
1115 3258 1137 3294 .-
1216 3238 1458 3302 deinde
1509 3239 1847 3302 contraria
1901 3237 2232 3303 refutare.
2288 3239 2477 3301 Tum
2528 3255 2757 3302 autem
2828 3239 2943 3303 alii
2994 3257 3155 3302 con-

157 3333 536 3400 clusionem
583 3336 904 3398 orationis
946 3386 966 3416 ,
1033 3336 1103 3400 δε
1182 3335 1364 3422 quali
1417 3337 1901 3418 perorationem
1941 3336 2286 3401 collocant
2326 3355 2353 3395 .·
2424 3335 2535 3399 alii
2594 3337 2815 3410 jubent
2872 3387 2897 3418 ,
2971 3352 3155 3399 ante-

158 3455 366 3523 quam
427 3448 762 3523 peroretur
805 3484 824 3516 ‚
875 3433 1154 3498 ornandi
1196 3487 1217 3521 ‚
1265 3451 1382 3500 aut
1437 3434 1721 3522 augendi
1771 3433 1972 3498 causa
2012 3482 2034 3514 ,
2099 3431 2417 3519 digredi:
2490 3433 2729 3497 deinde
2800 3431 3159 3497 conclude-

157 3559 271 3621 re,
325 3557 406 3603 ac
461 3553 768 3624 perorare
802 3579 822 3598 .
899 3538 1002 3599 Ne
1058 3534 1192 3601 haec
1250 3537 1518 3624 quidem
1571 3532 1978 3622 reprehendo
2027 3556 2044 3595 ι
2117 3530 2265 3598 sunt
2314 3531 2493 3596 enim
2570 3532 2893 3598 concinne
2944 3529 3157 3596 distri·-

155 3637 318 3706 buta
368 3661 386 3702 z
449 3639 552 3705 sec
605 3655 828 3702 tamen
860 3687 884 3719 ‚
942 3636 1006 3700 id
1055 3636 1230 3721 quod
1283 3638 1526 3704 necesse
1575 3635 1700 3700 fuit
1757 3632 2138 3698 hominibus
2184 3629 2563 3719 expertibus
2611 3634 2901 3699 veritatis
2938 3683 2957 3716 ‚
3026 3651 3157 3698 non

158 3741 412 3828 perite.
471 3745 640 3822 Quae
691 3739 874 3803 enim
923 3756 1243 3824 praecepta
1287 3740 1776 3826 ‘principiorum
1819 3786 1838 3818 ‚
1893 3738 1962 3800 ὃς
2021 3734 2481 3800 narrationum
2529 3733 2654 3798 esse
2724 3731 3083 3798 voluerunt
3133 3782 3159 3814 ‚

157 3861 240 3906 ea
293 3842 360 3906 in
423 3841 586 3906 totis
633 3837 1034 3904 orationibus
1087 3836 1238 3902 sunt
1283 3839 1782 3906 coniervanda.
1840 3838 2018 3900 Nam
2073 3837 2142 3901 &
2200 3855 2331 3921 ego
2387 3833 2551 3898 mihi
2610 3831 3002 3902 benevolum
3059 3834 3157 3910 iu-

161 3943 386 4010 dicem
445 3939 704 4008 facilius
759 3940 975 4004 facere
1045 3941 1294 4024 pofl'um
1367 3943 1436 4005 in
1489 3935 1684 4009 cursu
1757 3937 2144 4021 orationis;
2218 3955 2420 4022 quam
2494 3955 2654 4002 cum
2706 3933 2933 3999 omnia
3011 3932 3160 4000 sunt

165 4043 470 4110 inaudita
511 4063 531 4104 z
603 4039 890 4106 docilem
943 4053 1166 4105 autem
1221 4091 1243 4124 ‚
1315 4061 1448 4107 non
1505 4060 1680 4105 -cum
1752 4038 2065 4123 polliceor
2135 4057 2246 4102 me
2316 4033 2913 4104 demonstraturum
2946 4087 2975 4120 .‚
3047 4033 3155 4100 sed

167 4161 353 4229 tum,
405 4161 570 4211 cnm
621 4137 867 4221 doceo,
909 4141 986 4206 ,δε
1043 4140 1387 4227 explano·
1462 4159 1799 4206 attentum
1876 4159 2086 4221 vero,
2145 4135 2389 4204 crebro
2431 4153 2589 4202 tota·
2662 4136 2915 4204 afflone
2970 4135 3169 4202 exci-

169 4245 392 4312 tandis
447 4238 785 4334 mentibus
842 4239 1178 4325 judicum,
1233 4265 1364 4308 non
1419 4247 1632 4329 prima
1683 4241 2181 4306 denuntiatione
2233 4239 2486 4305 efficere
2539 4238 2932 4324 poffumus.

261 4349 424 4425 Jam
482 4363 634 4410 vero
677 4342 1140 4408 narrationem
1193 4343 1368 4430 quod
1433 4341 1655 4419 jubent
1716 4339 2128 4408 verisimilem
2176 4340 2341 4424 esse,
2397 4340 2467 4406 &
2512 4355 2849 4426 apertam,
2908 4341 2977 4407 &
3022 4337 3163 4406 bre-

165 4467 313 4512 vem
355 4500 376 4535 ‚
455 4444 628 4512 reste
681 4463 803 4510 nos
863 4443 1222 4510 admonent
1263 4495 1278 4510 .
1356 4446 1557 4530 Q1od
1609 4445 1743 4510 haec
1799 4442 2197 4508 narrationis
2258 4441 2501 4528 magis
2524 4453 2758 4527 putant
2830 4439 2949 4506 effe
3012 4455 3169 4530 pro-

167 4549 298 4633 pria
339 4601 360 4640 ,
440 4565 642 4636 quam
699 4548 903 4615 totius
959 4547 1272 4612 orationis
1314 4599 1336 4631 ,
1413 4545 1600 4614 valde
1669 4545 1830 4612 mihi
1892 4543 2198 4626 videntur
2256 4559 2495 4607 errare
2549 4567 2565 4605 ι
2642 4543 3044 4630 omninoque
3098 4541 3165 4606 in

168 4651 290 4718 hoc
334 4648 579 4717 ,omnis
627 4645 719 4715 est
759 4669 951 4714 error
987 4699 1023 4734 ι,
1097 4647 1274 4738 quod
1320 4649 1700 4715 existimant
1748 4699 1768 4731 ,
1841 4643 2203 4712 artificium
2269 4643 2391 4708 else
2464 4641 2591 4710 hoc
2643 4641 2975 4730 quoddam
3028 4661 3165 4708 non

536 4775 542 4783 ·
2888 4741 3065 4810 diffi-

253 5091 286 5152 (
303 5090 376 5158 ”)
409 5098 484 5148 Ῑΰ
515 5081 782 5160 discen.)
817 5092 999 5153 Lamb.
1037 5097 1100 5152 in
1134 5091 1523 5166 disceptatione
1545 5089 1722 5163 finita
1758 5108 1950 5150 rerum
1986 5061 2487 5156 controversartrmz
