4359 6321
1225 444 1409 509 120
1970 408 2203 499 DE
2328 394 3267 495 ORATORE

1091 558 1220 627 que
1265 530 1554 602 educato‘
1591 533 1870 621 dignum
1922 581 1943 614 ‚
2011 550 2144 595 non
2218 524 2475 615 negabo
2524 544 2633 589 me
2664 520 2803 591 'ista
2852 518 3156 589 omnium
3208 517 3599 587 communia
3672 519 3748 589 dt
3802 524 4071 593 contrita

1095 652 1408 727 praecepta
1463 634 1740 700 didicisse
1759 679 1776 697 .

1201 738 1507 803 Primum
1548 788 1566 819 ‚
1619 732 1891 800 oratoris
1945 728 2236 797 officium
2288 725 2409 792 effe
2463 775 2484 809 ‚
2554 724 2772 791 dicere
2830 721 2909 785 ad
2962 718 3495 807 persuadendum
3548 723 4073 793 accommodate.

1100 836 1356 904 Deinde
1421 836 1542 902 else
1592 854 1862 902 omnem
1912 832 2277 899 orationem
2330 843 2440 893 aut
2512 824 2593 891 de
2646 824 2913 891 infinitae
2971 823 3060 886 rei
3112 818 3456 908 quaestione
3498 874 3521 906 ‚
3592 823 3724 891 fine
3794 824 4073 915 designa..

1098 941 1274 1005 tione
1327 936 1750 1025 personarum
1825 938 1896 1003 &
1971 949 2405 1018 temporum3
2479 941 2591 993 aut
2660 924 2743 990 de
2814 944 2884 989 re
2937 922 3129 987 certis
3186 923 3253 985 in
3310 923 3601 1008 personis
3704 948 3781 993 ac
3838 942 4074 1013 tempo·

1097 1039 1280 1107 ribus
1330 1040 1582 1105 locata.
1637 1041 2046 1121 Inutraque
2099 1048 2325 1097 autem
2376 1048 2444 1092 re
2494 1023 2815 1115 quidquid
2868 1024 2938 1089 in
2989 1022 3505 1093 controversiam
3563 1028 3830 1111 veniat,
3883 1030 3955 1092 in
4004 1047 4071 1093 eo

1097 1139 1304 1229 quaeri
1358 1138 1560 1203 solere
1595 1188 1616 1219 ,
1669 1152 1782 1202 aut
1836 1134 2176 1201 fafitumne
2228 1130 2305 1195 fit
2350 1180 2371 1211 ,
2421 1141 2533 1191 aut
2574 1178 2595 1211 ‚
2646 1126 2694 1192 si
2746 1125 2837 1190 est
2887 1123 3141 1191 fanum
3178 1177 3201 1210 ,
3250 1128 3447 1213 quale
3504 1126 3575 1191 fit
3618 1180 3636 1211 ,
3706 1146 3820 1193 aut
3877 1129 4072 1197 etiam

1095 1259 1237 1329 quo
1282 1240 1550 1303 nomine
1605 1252 1879 1303 vocetur
1919 1288 1938 1319 ,
1987 1250 2102 1299 aut
2143 1281 2164 1313 ‚
2214 1226 2391 1316 quod
2446 1225 2759 1291 nonnulli
2822 1222 3069 1291 addunt
3107 1280 3128 1311 ,
3198 1228 3450 1296 retiene
3504 1227 3757 1299 faitum
3810 1228 3935 1296 esse
3989 1230 4075 1295 vi-

1095 1341 1332 1407 deatur
1373 1388 1389 1403 .
1465 1336 1758 1402 Existere
1808 1351 2030 1399 autem
2079 1328 2556 1395 controversias
2608 1327 2809 1391 etiam
2880 1346 2963 1391 ex
3024 1326 3241 1415 scripti
3316 1330 3855 1413 interpretatione
3905 1379 3924 1411 ‚
4005 1330 4073 1394 in

1094 1462 1226 1529 quo
1281 1456 1392 1503 aut
1441 1436 1750 1520 ambigue
1799 1432 1953 1518 quid
2005 1429 2080 1495 fit
2135 1428 2447 1515 scriptum
2492 1480 2511 1511 ,
2564 1445 2673 1493 aut
2726 1429 3059 1493 contrarie
3100 1480 3119 1512 ,
3175 1446 3287 1497 aut
3342 1428 3429 1492 ita
3472 1483 3491 1515 ‚
3546 1446 3618 1495 ut
3672 1450 3709 1493 a
3767 1428 4079 1495 sententia

1096 1542 1412 1626 scriptum
1463 1534 1748 1600 dissideat
1791 1558 1808 1594 ι
1882 1530 1983 1597 his
2034 1546 2255 1602 autem
2308 1526 2610 1597 omnibus
2662 1527 2953 1612 partibus
3006 1524 3283 1606 subjesta
3356 1530 3658 1617 quaedam
3714 1529 3832 1595 esse
3890 1548 4076 1618 argu-

1093 1656 1320 1709 menta
1373 1636 1680 1724 propria.
1751 1630 1876 1697 Sed
1925 1632 2277 1699 causarum
2313 1682 2335 1715 ‚
2404 1652 2547 1719 quae
2602 1630 2723 1695 sint
2794 1651 2831 1693 a
2890 1632 3231 1695 communi
3300 1629 3647 1717 quaestione
3720 1630 4020 1706 sejunstae
4058 1684 4079 1720 ,

1098 1741 1338 1831 partim
1387 1739 1454 1802 in
1510 1734 1788 1815 iudiciiis
1845 1731 2127 1816 versari,
2178 1734 2415 1820 partim
2464 1733 2531 1795 in
2586 1726 3206 1797 deliberationibus:
3259 1731 3378 1796 effe
3426 1734 3634 1798 etiam
3684 1752 3897 1820 genus
3952 1750 4081 1799 ter-

1099 1843 1313 1926 tium,
1366 1837 1539 1928 quod
1594 1838 1662 1902 in
1718 1833 2063 1901 laudandis
2104 1886 2125 1917 ,
2177 1850 2295 1898 aut
2346 1831 3221 1918 vituperandis,hominibus
3280 1850 3626 1919 poneretur
3668 1853 3690 1894 .·
3744 1832 4083 1922 certosque

1099 1944 1223 2009 effe
1281 1942 1465 2008 locos
1503 1990 1525 2023 ‚
1593 1936 1827 2027 quibus
1877 1936 1942 2002 in
1998 1934 2254 2012 judiciis
2306 1951 2645 2001 uteremur
2688 1984 2707 2016 ‚
2760 1934 2826 1997 in
2878 1932 3113 2021 quibus
3165 1935 3791 2023 aequitas,quaeritut
3833 1956 3851 1999 z
3922 1934 4083 2003 alios

1099 2046 1172 2109 in
1227 2038 1796 2109 deliberationibus
1834 2088 1855 2119 ,
1922 2038 2038 2123 qui
2105 2056 2341 2101 omnes
2412 2036 2492 2100 ad
2546 2035 2904 2101 utilitatem
2978 2037 3415 2124 dirigerentur
3487 2057 3721 2105 eorum
3760 2089 3781 2120 ‚
3852 2035 4081 2125 quibus

1107 2144 1460 2211 confilium
1511 2139 1820 2204 daremus
1865 2158 1884 2198 z
1961 2136 2124 2203 alios
2177 2137 2333 2203 item
2390 2137 2455 2203 in
2512 2136 2998 2205 laudationibus
3038 2189 3057 2221 ,
3120 2139 3190 2203 in
3242 2135 3477 2224 quibus
3531 2138 3610 2205 ad
3660 2137 4081 2224 personarum

1099 2241 1498 2333 dignitatem
1551 2237 1777 2305 omnia
1836 2236 2281 2304 referrentur.
2336 2244 2641 2325 Cumque
2696 2236 2843 2301 effet
2890 2238 3105 2305 omnis
3159 2241 3435 2313 oratoris
3494 2240 3591 2307 vis
3662 2262 3737 2307 ac
3798 2242 4079 2309 facultas

1099 2349 1172 2413 in
1225 2345 1516 2434 quinque
1570 2355 1782 2427 partes
1831 2336 2215 2424 distributa,
2264 2356 2339 2405 ut
2394 2336 2653 2405 deberet
2706 2339 2984 2424 reperire
3038 2340 3369 2426 primum,
3422 2340 3577 2428 quid
3628 2340 3921 2430 diceret3
3976 2343 4083 2413 de-

1104 2446 1261 2514 inde
1313 2448 1584 2510 inventa
1637 2464 1768 2505 non
1829 2439 2044 2507 solum
2093 2437 2331 2507 ordine
2370 2491 2391 2525 ‚
2460 2436 2563 2504 sed
2612 2438 2817 2505 etiam
2868 2459 3206 2509 momento
3246 2434 3551 2531 'quodam
3595 2495 3616 2529 ‚
3666 2458 3861 2534 atque
3914 2443 4093 2521 judi-

1101 2548 1206 2613 cio
1256 2540 1624 2630 dispensare
1690 2556 1886 2628 atque
1953 2538 2293 2627 disponere
2332 2568 2355 2628 ,-
2408 2554 2555 2607 tum
2604 2558 2683 2604 ea
2736 2539 3021 2631 denique
3076 2542 3347 2629 vestire,
3402 2563 3595 2636 atque
3646 2567 3883 2615 ornare
3932 2566 4088 2613 ora-

1105 2647 1347 2731 tione;
1401 2644 1536 2731 post
1590 2642 1905 2707 memoria
1963 2640 2203 2731 sepire3
2258 2641 2340 2707 ad
2394 2657 2768 2708 extremum
2822 2662 3015 2729 agere
3066 2666 3225 2713 cum
3276 2648 3597 2735 dignitate
3654 2650 3723 2715 &
3778 2646 4089 2717 venusta-

1105 2762 1204 2814 te.
1261 2746 1482 2811 Etiam
1536 2744 1654 2810 illa
1705 2760 2070 2831 cognoram
2136 2745 2207 2811 &
2286 2762 2675 2831 acceperam
2729 2792 2750 2826 ‚
2819 2760 3175 2830 antequam
3226 2744 3307 2810 de
3358 2767 3433 2811 re
3476 2744 3843 2811 diceremus
3890 2800 3907 2831 ,
3963 2751 4092 2815 ini-

1105 2851 1198 2914 tio
1247 2843 1703 2915 conciliandos
1752 2864 1986 2912 eorum
2035 2844 2157 2911 effe
2208 2845 2467 2909 animos
2500 2894 2522 2926 ,
2572 2844 2685 2932 qui
2734 2840 3041 2910 audirent
3082 2868 3098 2907 ε
3151 2842 3383 2911 deinde
3438 2863 3575 2911 rem
3629 2844 4101 2914 demonstran-

1107 2950 1266 3019 dam
1310 2976 1324 3015 :
1396 2948 1608 3036 postea
1683 2944 2195 3015 controversiam
2242 2944 2767 3012 constituendam
2809 2968 2825 3007 z
2900 2960 3047 3011 tum
3094 2944 3163 3011 id
3204 2999 3223 3030 ,
3294 2944 3469 3033 quod
3518 2966 3637 3013 nos
3706 2946 4101 3013 intendere-

1105 3072 1304 3137 mm,
1353 3048 1936 3119 confirmandum:
1991 3044 2168 3135 post,
2220 3069 2363 3135 quae
2415 3066 2648 3117 contra
2696 3044 3113 3130 dicerentur,
3162 3045 3561 3113 refellenda:
3620 3064 3919 3115 extrema
3973 3066 4098 3117 au..

1105 3170 1240 3220 tem
1291 3154 1592 3222 oratione
1641 3171 1720 3220 ea
1757 3202 1780 3236 ,
1829 3171 1972 3240 quae
2021 3171 2141 3238 pro
2194 3146 2377 3215 nobis
2422 3150 2621 3218 effent
2661 3201 2679 3234 ,
2730 3146 3205 3236 amplificanda
3257 3149 3327 3218 δι
3386 3146 3685 3238 augenda
3726 3175 3748 3236 ;
3814 3171 4095 3238 quzrque

1103 3256 1300 3323 effent
1350 3277 1470 3342 pro
1521 3252 1908 3320 adversariis
1947 3305 1968 3337 ,
2019 3251 2425 3324 infirmanda
2478 3268 2671 3340 atque
2726 3249 3089 3338 frangenda
3120 3300 3136 3317 .

1205 3359 1491 3425 XXXII.
1569 3355 1936 3422 Audieram
1989 3354 2190 3420 etiam
2233 3403 2254 3440 ‚
2320 3373 2464 3442 quae
2514 3354 2597 3418 de
2646 3352 2958 3418 orationis
3030 3352 3231 3441 ipsius
3280 3353 3686 3422 ornamentis
3752 3351 4096 3422 traderen-

1102 3473 1212 3527 tur
1255 3485 1275 3545 ;
1327 3459 1394 3525 in
1447 3477 1575 3546 qua
1627 3458 1995 3543 praecipitur
2049 3455 2345 3542 primum
2380 3505 2401 3540 ‚
2454 3468 2529 3520 ut
2598 3471 2759 3541 pure
2828 3455 2901 3522 &
2974 3455 3209 3522 Latine
3260 3456 3613 3546 loquamur
3654 3480 3674 3521 t
3728 3453 3957 3524 deinde
4016 3471 4099 3520 ut

1100 3559 1300 3646 plane
1350 3560 1421 3625 δε
1479 3557 1801 3622 dilucide:
1853 3573 2000 3622 tum
2055 3573 2131 3620 ut
2188 3570 2455 3622 ornate:
2512 3553 2651 3644 post
2698 3550 2780 3620 ad
2830 3573 3053 3622 rerum
3094 3557 3487 3647 dignitatem
3538 3573 3726 3646 apte,
3780 3558 3851 3626 ὃ(
3902 3554 4101 3644 quast

1103 3658 1376 3723 decore:
1435 3653 1986 3742 singularumque
2037 3672 2263 3720 rerum
2315 3672 2633 3744 praecepta
2684 3675 3088 3742 cognoram.

1199 3750 1383 3838 Qin‘
1435 3754 1636 3822 etiam
1681 3805 1700 3836 ‚
1749 3774 1892 3840 quae
1949 3753 2244 3819 maxime
2298 3757 2553 3845 propria
2604 3754 2801 3822 essent
2852 3771 3104 3825 naturae
3139 3808 3157 3841 ,
3233 3775 3456 3826 tamen
3528 3759 3631 3826 his
3680 3760 3829 3850 ipsis
3879 3773 4102 3828 artem

1102 3855 1394 3928 adbiberi
1445 3850 1740 3920 videram
1779 3901 1794 3918 .
1876 3855 2056 3920 Nam
2108 3850 2189 3921 de
2240 3854 2493 3924 afflone
2530 3909 2549 3940 ‚
2600 3857 2668 3924 δε
2730 3857 3051 3921 memoria
3100 3858 3403 3944 quaedam
3456 3855 3678 3926 brevia
3716 3915 3735 3944 ‚
3791 3859 3901 3927 sed
3950 3879 4101 3926 ma-

1101 3974 1239 4048 gna
1289 3977 1450 4024 cum
1500 3955 1971 4023 exercitatione
2023 3970 2333 4043 praecepta
2391 3957 2726 4046 gustarem
2768 3999 2783 4018 .
2860 3955 2939 4018 In
3007 3953 3111 4021 his
3176 3957 3359 4024 enim
3412 3957 3555 4024 fere
3609 3959 3801 4026 rebus
3872 3963 4107 4028 omnis

1099 4059 1372 4127 istorum
1425 4053 1760 4123 artificum
1813 4053 2114 4129 doctrina
2171 4055 2467 4124 versatur
2511 4108 2532 4141 ‚
2599 4073 2806 4144 quam
2876 4073 3003 4142 ego
3072 4053 3119 4120 fi
3185 4056 3349 4123 nihil
3426 4057 3643 4124 dicam
3714 4045 4043 4132 adjuvare
4089 4115 4115 4147 ,

1100 4162 1422 4229 mentiar.
1484 4155 1696 4224 Habet
1745 4159 1930 4224 enim
1983 4155 2285 4248 quaedam
2334 4157 2515 4247 quafi
2566 4156 2646 4223 ad
2696 4154 3269 4226 commonendum
3308 4173 3635 4225 oratorem
3664 4205 3683 4242 ,
3732 4177 3865 4247 quo
3900 4160 4117 4247 quid..

1101 4283 1230 4352 que
1281 4258 1528 4328 referat
1565 4311 1588 4349 ,
1641 4261 1713 4329 ὅ(
1769 4280 1904 4349 quo
1954 4259 2219 4326 intuens
2262 4309 2283 4343 ‚
2334 4256 2413 4323 ab
2460 4277 2541 4326 eo
2582 4307 2607 4345 ‚
2654 4259 3121 4349 quodcumque
3172 4257 3284 4326 fibi
3334 4255 3737 4350 proposuerit
3776 4310 3798 4345 ,
3867 4261 4115 4331 minus

1103 4363 1401 4431 aberret.
3814 4419 3827 4432 .

1197 4467 1454 4530 Verum
1503 4481 1636 4550 ego
1686 4459 1856 4531 hanc
1911 4463 2050 4530 vim
2123 4461 2430 4550 intelligo
2494 4461 2633 4528 esse
2682 4461 2753 4530 in
2803 4464 3141 4550 praeceptis
3210 4460 3519 4532 omnibus
3558 4514 3580 4548 ‚
3650 4483 3787 4530 non
3858 4481 3937 4532 ut
4014 4493 4103 4544 eg

1099 4567 1303 4635 secuti
1353 4579 1686 4648 oratores,
1737 4563 2120 4650 eloquentiae
2171 4557 2441 4630 laudern
2494 4560 2618 4628 fint
2668 4561 2920 4651 adepti,
2972 4559 3084 4629 sed
3136 4585 3281 4654 quae
3332 4561 3451 4631 sua
3506 4563 3735 4652 sponte
3782 4566 4107 4646 homines

1093 4671 1477 4759 eloquentes
1535 4664 1826 4732 facerent
1869 4713 1889 4747 ,
1951 4679 2028 4728 ea
2082 4659 2397 4749 quosdam
2450 4657 2819 4733 observasse
2858 4713 2882 4749 ,
2932 4677 3131 4754 atque
3182 4667 3332 4758 (⁴⁸)
3374 4664 3439 4732 id
3488 4665 3701 4756 egisse
3744 4695 3759 4734 ε
3814 4668 3902 4741 fic
3952 4672 4109 4747 esse

3856 4799 3993 4851 non

1165 5047 1282 5115 ζ’)
1315 5047 1385 5110 ld
1420 5046 1615 5121 egtffe)
1654 5049 1808 5109 Man.
1841 5064 2012 5125 atque
2034 5047 2309 5124 selegiffe.
2344 5052 2524 5114 Lamb.
2561 5072 2736 5135 atque
2769 5063 2834 5120 in
2871 5074 3060 5120 artem
3094 5061 3341 5136 reda-glab
3360 5101 3379 5122 .
