4359 6321
1200 509 1374 586 232

1286 1772 1468 1948 O
1668 1775 1871 1969 R
2077 1778 2254 1947 A
2460 1774 2652 1960 T
2860 1773 3041 1951 O
3244 1774 3434 1951 R
3641 1742 3801 1955 E

1703 2083 2335 2172 LIBER
2454 2081 3399 2173 TERTIUS.

1064 2310 1115 2372 Ι.
1886 2295 2248 2368 Nstituenti
2299 2297 2466 2367 mihi
2507 2352 2527 2385 ,

2591 2300 2840 2381 Quinte
2891 2299 3092 2367 frater
3130 2352 3153 2386 ‚
3200 2321 3361 2370 eum
3415 2302 3777 2376 sermonem
3827 2309 4028 2378 refer-

1952 2500 2451 2591 disputationem
2505 2500 2760 2571 craffus
2810 2500 3120 2570 habuiffet
3160 2556 3182 2589 ‚
3249 2503 3477 2571 acerba
3529 2505 3687 2576 sane
3740 2509 4042 2578 recorda-

1814 2394 1839 2564 ξ
1934 2418 2048 2487 re,
2106 2403 2177 2470 &
2236 2403 2558 2468 mandare
2610 2400 2763 2465 huic
2819 2402 3012 2466 tertio
3063 2400 3265 2487 libro,
3318 2423 3520 2491 quem
3571 2406 3710 2493 post
3757 2410 4041 2477 Antonii

1825 2568 1837 2629 l

1933 2604 2025 2670 tio
2080 2619 2365 2670 veterem
2420 2605 2625 2669 animi
2693 2622 2927 2669 curam
2970 2657 2990 2688 ‚
3058 2604 3557 2697 molestiamque
3630 2612 3977 2677 renovavit
4021 2657 4040 2676 .

1827 2643 1841 2756 i
1932 2710 2113 2771 Nam
2162 2703 2334 2773 illud
2386 2703 2886 2771 immortalitate
2939 2706 3219 2792 dignum
3271 2708 3623 2795 ingenium
3666 2761 3687 2794 ,
3756 2712 3871 2776 illa
3920 2711 4046 2777 hu-

1933 2806 2222 2873 manitas
2261 2854 2282 2889 ,
2348 2802 2462 2869 illa
2516 2805 2722 2869 virtus
2776 2806 2853 2867 L.
2873 2804 3071 2868 Crassi
3114 2856 3134 2887 ,
3207 2822 3419 2871 morte
3485 2809 3779 2876 extincta
3832 2810 4040 2877 subita

1814 2762 1841 3004 ἰ
1935 2905 2027 2972 est
2066 2957 2083 2988 ,
2154 2906 2267 2970 vix
2320 2900 2541 2969 diebus
2590 2900 2819 2967 decem
2869 2899 3008 2987 post
3059 2922 3215 2968 eum
3267 2902 3446 2969 diem
3501 2958 3520 2991 ,
3594 2910 3705 2992 qui
3761 2907 3893 2975 hoc
3970 2912 4035 2979 &

1941 3004 2272 3091 superiore
2336 2992 2503 3070 libro
2568 2999 2937 3071 continetur
2975 3047 2990 3064 .
3074 3007 3166 3068 Ut
3236 3004 3420 3071 enim
3492 3010 3783 3074 Romam
3857 3009 4044 3078 rediit

1060 3122 1366 3177 extremo
1420 3106 1824 3176 scenicorum
1879 3107 2192 3174 ludorum
2241 3100 2345 3170 die
2397 3116 2594 3194 (1),
2644 3100 3068 3171 vehementer
3125 3120 3501 3173 commotus
3551 3127 3627 3174 ea
3685 3110 3979 3178 oratione
4016 3164 4038 3198 ‚

1062 3233 1203 3301 quae
1255 3206 1578 3279 ferebatur
1627 3209 1847 3277 habita
1894 3206 2013 3275 effe
2064 3207 2134 3272 in
2190 3207 2506 3274 concione
2573 3225 2612 3271 a
2662 3202 2966 3289 Philippo
3037 3214 3129 3291 (2
3167 3219 3195 3293 9
3235 3230 3257 3290 ,-
3329 3226 3536 3295 quem
3605 3207 3829 3278 dixiss‘e
3879 3235 4042 3280 con-

3686 3308 3890 3376 stabat
3911 3365 3934 3398 ,

1088 3483 3990 3526 m

1130 3584 1253 3643 (1)
1288 3592 1551 3638 Extremo
1574 3581 1908 3651 scenicorum
1950 3584 2206 3636 luaorum
2244 3583 2377 3646 die)
2416 3586 2497 3637 Eo

1058 3647 1211 3772 533³
1226 3668 1510 3776 Ᾱξὶἶῗιῖῗ
1539 3652 1863 3790 Υὲῗῖὲῖξὲἓιῗέ
1916 3650 2013 3776 1¹2⁶
2029 3650 2499 3782 Tfiifflianffiffiss

1060 3805 1370 3857 receperat.
1408 3793 1515 3848 Per
1539 3788 1780 3858 scenicos
1822 3790 1977 3844 ludos
2015 3794 2288 3848 Romanos
2327 3791 2497 3846 intel-

1061 3859 1172 3927 lige
1205 3898 1222 3921 ,
1276 3878 1335 3915 ut
1384 3879 1452 3917 ex
1489 3878 1673 3930 primo
1708 3857 1851 3915 libro
1904 3859 2076 3929 palam
2126 3861 2202 3914 cst
2241 3881 2256 3915 t
2311 3860 2402 3928 qui
2441 3865 2496 3915 δι

1060 3927 1354 3986 Circenses
1389 3937 1443 3987 δε
1483 3929 1670 3998 Magni
1709 3928 1995 3999 appellati.
2037 3923 2223 3985 Hosce
2264 3948 2287 3983 a
2326 3929 2497 3997 Regi-

1062 4000 1153 4056 bus
1191 3999 1467 4058 institutos
1503 3998 1689 4056 scribit
1726 3998 1998 4056 Asconius
2022 4039 2038 4063 ,
2068 4004 2124 4055 δ(
2161 4018 2388 4066 magnos
2407 4018 2500 4068 ap-

1063 4070 1289 4142 pellatos
1328 4114 1342 4137 ,
1396 4072 1544 4144 quod
1600 4070 1804 4140 magnis
1836 4071 1919 4125 ,im
1961 4068 2101 4125 ensis
2151 4087 2384 4139 primum
2423 4073 2498 4124 la·-

1057 4141 1131 4199 ἂί
1168 4181 1187 4207 ,
1239 4141 1374 4200 idest
1412 4184 1431 4209 ,
1487 4142 1732 4200 ducentis
1769 4140 1916 4197 milli
1956 4159 2012 4196 us
2049 4158 2363 4204 nummum,
2407 4139 2496 4217 vel

1056 4211 1179 4284 quia
1216 4212 1318 4272 diis
1366 4215 1568 4283 unguis
1608 4211 1737 4269 sacri
1778 4252 1797 4277 ‚
1852 4209 1912 4268 id
1946 4211 2022 4269 est
2057 4250 2073 4274 ‚
2111 4209 2327 4268 Laribus
2365 4211 2508 4268 urbis

1061 4286 1291 4344 Romae.
1330 4284 1561 4344 Eosdem
1604 4304 1725 4342 cum
1764 4280 2125 4342 Consualibus
2164 4280 2322 4347 facit,
2359 4280 2507 4354 quod

1058 4354 1278 4413 videtur
1332 4358 1494 4414 etiam
1546 4356 1785 4413 indicare
1840 4357 1895 4413 5.
1932 4356 2251 4427 Cyprianus
2306 4354 2399 4410 lib.
2437 4354 2505 4410 de

1060 4428 1095 4484 S
1136 4422 1295 4484 efiac.
1334 4429 1633 4492 Romulus,
1673 4426 1855 4498 inquit
1889 4468 1908 4492 ‚
1950 4424 2145 4498 Conso,
2188 4424 2347 4502 quasi
2381 4447 2505 4484 con-

1046 4445 1170 4572 filiii
1209 4509 1323 4555 Deo
1356 4541 1375 4565 ‚
1421 4501 1483 4556 ob
1535 4503 1826 4571 rapiendas
1881 4497 2120 4554 Sabinas
2158 4537 2176 4563 ,
2233 4496 2502 4577 Circenses

1047 4574 1265 4642 primus
1307 4568 1644 4640 consecravit
1681 4608 1697 4624 .
1732 4575 1933 4626 Tamen
1971 4587 2039 4625 ex
2082 4587 2255 4626 veteri
2297 4568 2504 4626 Calen-

1056 4639 1208 4697 dario
1247 4641 1475 4698 diverlis
1513 4640 1844 4713 temporibus
1897 4639 2196 4698 celebratos
2253 4640 2377 4696 illos
2415 4641 2503 4696 lu-

1058 4711 1154 4769 dos
1190 4713 1497 4784 colligimus
1532 4751 1549 4768 .
1603 4716 1748 4773 Nam
1789 4708 2086 4769 Consualia
2126 4730 2251 4766 xit.
2290 4710 2501 4768 Calen-

1058 4783 1148 4840 das
1184 4784 1453 4857 Septemb.
1495 4782 1585 4840 vel
1622 4782 1804 4855 potius
1846 4801 2047 4839 xvttt.
2087 4779 2314 4850 Augusti
2340 4822 2356 4845 ‚
2395 4779 2500 4839 hoc

993 4864 1004 4879 ²
1054 4853 1132 4910 est
1171 4874 1266 4911 xv.
1304 4855 1431 4916 Cal.
1468 4852 1739 4927 Septemb.
1779 4870 1840 4910 ut
1877 4850 2039 4910 docet
2076 4849 2398 4909 Plutarchus
2438 4853 2496 4909 in

1049 4927 1292 4985 Romulo
1332 4970 1349 4985 .
1402 4935 1617 5000 Raptus
1659 4966 1677 4992 ,
1729 4923 1908 4995 inquit
1943 4965 1961 4990 ‚
1999 4923 2092 4979 ille
2122 4935 2389 4994 patratus
2428 4924 2500 4992 est·

1061 5006 1141 5055 18.
1178 4997 1265 5055 die
1302 5001 1566 5067 Sextiles,
1603 4999 1701 5073 qui
1736 5016 1888 5054 nunc
1926 4994 2222 5065 Augustus
2243 5035 2259 5061 ‚
2297 5001 2354 5051 in
2395 5014 2497 5072 quo

2605 3577 2902 3646 Consualia
2932 3577 3086 3633 hodie
3126 3597 3337 3652 quoque
3371 3575 3740 3634 cebobrantur.
3777 3575 3896 3647 Jam
3928 3593 4031 3632 ve·-

2602 3673 2666 3709 ro
2702 3652 2762 3708 in
2799 3649 2993 3705 eodem
3034 3649 3368 3708 (finiendario
3408 3648 3518 3703 ludi
3555 3650 3790 3704 Romani
3830 3649 4029 3715 legun-

2602 3741 2724 3787 tur,
2760 3719 2941 3791 pridie
2996 3721 3185 3778 Nonas
3222 3717 3553 3789 Septembres
3591 3756 3606 3771 .
3656 3716 3817 3788 Quod
3855 3735 4038 3773 autem

2599 3812 2716 3846 non
2758 3807 2919 3845 nemo
2955 3789 3109 3846 ludos
3147 3790 3272 3845 illos
3312 3790 3536 3864 Magnos
3573 3784 3661 3842 seu
3701 3792 3978 3848 Romnnos
4013 3807 4041 3844 a

2599 3859 2898 3930 Tarquinio
2937 3858 3212 3914 institutos
3249 3856 3427 3935 allerit
3450 3897 3471 3925 ,
3502 3858 3542 3915 fi
3580 3859 3798 3929 quidem
3834 3859 4040 3930 primi-

2600 3948 2682 3986 tus
2731 3930 2793 3984 ab
2827 3948 2895 3983 co
2932 3926 3093 4006 fac-tos
3133 3928 3404 3999 intelligat
3449 3964 3469 3994 ‚
3518 3949 3635 3988 non
3688 3928 3910 3987 obscure
3949 3951 4042 3986 et·-

2587 4016 2682 4055 sat
2718 4037 2734 4062 .
2792 4015 2912 4053 cum
2949 4000 3144 4055 Livius
3179 4040 3196 4063 ‚
3249 3998 3343 4056 lib.
3390 4021 3435 4055 ι·
3470 4002 3809 4059 contrarium
3848 4000 4042 4058 asserat

2599 4066 2686 4124 his
2723 4068 2903 4125 verbis
2939 4090 2954 4125 τ
3011 4071 3186 4126 Ludos
3223 4071 3534 4141 opulentius
3586 4070 4039 4148 instruHiusque,

2597 4158 2769 4214 quam
2799 4144 2997 4210 priores
3033 4148 3199 4209 Reges
3230 4142 3368 4220 fecit
3391 4181 3407 4205 ,
3443 4140 3559 4208 &a
3599 4147 3882 4201 Caeterum
3921 4162 4044 4200 cum
4109 4211 4119 4222 ι

2607 4229 2733 4267 ante
2772 4209 2833 4266 hi
2865 4211 2980 4269 ludi
3024 4215 3285 4281 Circenses
3323 4209 3532 4278 essent,
3575 4211 3683 4271 hoc
3719 4214 3796 4270 est
3835 4214 4043 4287 gladia-

2605 4281 2779 4410 ἑῗῖξὲἰ
2802 4299 2966 4413 ὲὲῗὲξ
3000 4282 3281 4412 ῗςζξῖἵὲῗ
3309 4283 3786 4415 ἒὲίῖῗῖεὲἓῗῗὲἓὲ
3803 4284 4041 4427 ’effigi‘

3257 4396 3273 4421 ‚
4010 4389 4045 4404 .-

2604 4442 2694 4481 tur
2732 4466 2749 4491 ,
2801 4430 2858 4483 δε
2913 4427 3245 4496 Augustinus
3294 4429 3455 4484 ctiam
3510 4426 3716 4486 indicat
3754 4430 3847 4486 lib.
3891 4451 3936 4487 t.
3973 4427 4042 4485 de

2604 4496 2856 4575 Ciyitate
2893 4499 3038 4563 Dei,
3077 4517 3190 4569 cap.
3227 4519 3316 4574 32.
3355 4499 3784 4557 celebrabantur
3821 4499 3882 4556 hi
3924 4498 4041 4557 ludi

2603 4585 2788 4638 pruno
2839 4569 3056 4640 quidem
3115 4588 3227 4625 uno
3269 4571 3356 4627 vel
3409 4571 3582 4627 altero
3617 4570 3743 4636 die3
3784 4590 3899 4629 tum
3936 4571 4043 4627 tri-

2605 4637 2749 4702 duos
2786 4637 3042 4710 deinceps
3079 4639 3319 4710 pluribus
3359 4638 3572 4698 diebus.
3610 4649 3918 4702 Petavius.

2674 4713 2800 4772 (2)
2841 4718 2897 4766 A
2937 4711 3222 4788 philippo)
3261 4713 3349 4768 De
3388 4714 3541 4782 gravi
3585 4713 3679 4770 illa
3712 4714 3908 4787 Philip
3950 4732 4042 4771 um

2601 4778 2878 4858 consulem
2934 4800 3081 4838 inter
3131 4787 3187 4839 δε
3240 4783 3480 4841 Drusum
3534 4784 3811 4843 tribunum
3868 4785 4042 4859 pebis

2599 4868 2960 4908 contentione
2997 4894 3015 4918 ,
3065 4853 3268 4924 egimus
3319 4856 3380 4916 in
3431 4860 3579 4915 notis
3629 4857 3696 4916 ad
3750 4858 3847 4917 lib.
3883 4861 3938 4919 1.
3975 4855 4042 4914 de

2601 4925 2772 4984 Orat.
2804 4941 2919 4997 cap.
2955 4945 3011 4993 7.
3050 4925 3338 4997 Frusteus.

3655 5121 3688 5136 Q

4263 2665 4265 2735 Ι
