4359 6321
855 473 1460 576 LIBER
1581 426 2781 576 sEchDUsf
2986 473 3261 612 53'

243 597 498 678 venerit
521 651 546 690 ,
591 621 670 672 ac
723 603 1058 689 maxime,
1107 603 1156 670 fi
1209 599 1352 670 fieri
1403 604 1678 692 poterit,
1731 601 1926 669 famili
1975 600 2199 690 alique
2226 603 2318 671 in
2368 625 2611 694 genere
2672 597 2973 679 eiusdem
3040 607 3223 678 modi

241 706 438 778 causa
487 703 718 796 aliqua
767 717 1175 773 commomm
1227 705 1510 794 peccafl'e
1552 754 1574 790 ,
1624 721 1738 772 ant
1786 703 1854 770 in
1907 723 2090 794 aeque
2141 723 2389 794 magna
2440 727 2515 775 re
2550 761 2571 793 ,
2620 723 2735 774 ant
2784 705 2855 773 in
2904 707 3151 784 maiore
3200 763 3227 797 ,

229 823 356 876 ,aut
405 808 478 876 in
527 808 826 876 minoret
876 823 953 873 ut
1009 805 1102 892 fi,
1151 827 1352 898 quem
1405 807 1684 897 pecunia
1733 804 1908 872 dicat
1957 803 2311 875 inductum
2358 805 2571 878 feciffe
2608 860 2635 894 ,
2698 805 2877 897 poffit
2942 807 3225 877 demon-

233 907 483 994 strate,
533 909 758 999 aliqua
809 912 882 976 in
934 927 1047 993 re,
1094 909 1238 988 ejus
1289 909 1555 998 aliquod
1604 907 1856 977 fastum
1905 927 2229 976 avarum.
2433 961 2445 970 ,.
2632 960 2641 970 .
2796 971 2805 978 ,
3160 919 3167 926 ·

339 1012 520 1078 Item
573 1009 883 1076 inomni
933 1007 1132 1076 eausa
1183 1027 1538 1097 naturam,
1587 1025 1704 1078 aut
1761 1009 2060 1094 vietum,
2109 1025 2223 1080 aut
2274 1008 2605 1096 studium,
2650 1026 2765 1078 aut
2820 1013 3155 1082 fortunam
3200 1069 3231 1103 ,

223 1125 352 1180 aut
401 1109 655 1202 aliquid
705 1129 992 1195 eorum,
1036 1131 1178 1201 quae
1230 1111 1518 1201 personis
1573 1107 1878 1178 attributa
1929 1111 2126 1199 sunt,
2175 1110 2263 1180 ad
2312 1133 2463 1180 eam
2512 1110 2837 1198 causam‚·
2874 1135 3005 1202 qna
3038 1135 3228 1184 com-

229 1221 500 1283 motum
553 1212 1062 1301 peccaffedioet
1116 1265 1137 1299 ‚
1188 1214 1562 1303 adjungere
1601 1264 1623 1300 ,
1690 1227 1890 1302 atque
1958 1234 2044 1281 ex
2109 1212 2351 1302 dispari
2398 1216 2661 1304 quoque
2708 1232 2954 1303 genere
3000 1218 3229 1306 culpa-

235 1331 440 1398 rum,
491 1311 540 1381 fi
591 1333 678 1381 ex
723 1315 872 1402 pari
921 1313 1223 1384 sumendi
1275 1315 1574 1385 facultas
1625 1335 1764 1382 non
1813 1314 1936 1382 erit
1975 1368 2000 1400 ,
2065 1310 2435 1405 improbare
2483 1315 2795 1384 animum
2864 1313 3225 1386 adversarii

226 1409 603 1500 oportebit:
675 1431 752 1483 ut
805 1414 852 1482 fi
909 1417 1188 1484 avaritia
1254 1416 1606 1486 induitum
1657 1434 1896 1504 arguas
1949 1415 2162 1483 fecifl‘e
2198 1468 2221 1503 ‚
2296 1419 2366 1488 ἃ
2426 1435 2705 1486 avarum
2754 1433 2911 1486 eum
2951 1469 2970 1504 ,
3018 1437 3227 1508 quem

231 1512 505 1583 accuses
545 1565 568 1600 ,
613 1513 1055 1584 demonstrare
1105 1537 1234 1586 non
1287 1518 1478 1607 poffis
1519 1544 1541 1607 ;
1621 1516 1766 1586 aliis
1816 1515 2082 1585 affinem
2131 1518 2257 1586 effe
2304 1517 2481 1585 vitiis
2533 1518 2773 1586 doceas
2809 1570 2833 1603 ‚
2880 1519 2951 1586 &
3004 1539 3089 1586 ex
3140 1539 3222 1586 ea

233 1633 310 1680 re
359 1635 496 1682 non
551 1612 672 1682 effe
721 1617 1098 1688 mirandum
1139 1671 1160 1706 ‚
1229 1621 1344 1710 qni
1411 1622 1480 1688 in
1549 1619 1668 1690 illa
1722 1625 1792 1687 ie
1843 1619 2113 1708 turpis·,
2178 1632 2299 1690 aut
2344 1617 2625 1707 cupidus
2660 1671 2683 1703 ,
2748 1633 2867 1685 aut
2918 1618 3227 1704 petulans·

231 1711 441 1782 suerit
477 1765 502 1802 ,
569 1713 698 1786 hac
749 1741 1010 1812 quoque
1079 1723 1148 1789 in
1199 1742 1272 1790 re
1321 1743 1482 1792 eum
1533 1720 1903 1810 deliquiffe.
1961 1725 2313 1804 Quantum
2361 1719 2543 1788 enim
2618 1717 2703 1785 de
2752 1715 3091 1786 honestate
3142 1721 3212 1788 δε

231 1814 621 1886 authoritate
667 1821 857 1912 ejuS,
905 1826 1026 1914 qui
1069 1825 1414 1912 arguitur,
1463 1821 1835 1894 deffinitum
1885 1819 2021 1909 est,
2073 1839 2335 1895 tantum
2383 1821 2465 1891 de
2518 1819 2833 1890 facultate
2880 1820 3083 1888 totius
3128 1819 3225 1887 est

237 1913 630 1983 defensionis
683 1921 1092 1990 diminutum
1111 1967 1130 1986 .
1625 1984 1637 1994 .
1933 1981 1940 1988 .

277 2027 284 2032 ·
337 2016 410 2083 si
460 2012 635 2082 nulli
685 2017 896 2084 affinis
945 2023 1180 2105 poterit
1223 2024 1384 2090 vitio
1433 2043 1586 2091 reus
1633 2029 1787 2094 ante
1831 2026 2096 2094 admiffo
2145 2027 2577 2097 demonstrari
2614 2052 2631 2092 ι
2702 2026 2893 2097 locus·
2957 2025 3227 2096 induce-

233 2129 348 2181 tur
383 2113 520 2180 'ille
547 2166 570 2201 ‚
617 2135 728 2201 per
781 2137 988 2206 quem
1037 2117 1348 2186 hortandi
1401 2121 1642 2197 iudices
1693 2139 1932 2206 erunt,
1979 2143 2056 2193 ut
2111 2145 2404 2196 veterem
2457 2129 2715 2195 famam
2764 2126 3049 2194 bominis
3120 2127 3221 2194 ni-

231 2208 332 2284 hil
381 2211 466 2280 ad
511 2233 660 2282 rem
709 2233 940 2306 putent
989 2221 1310 2307 pertinere
1333 2268 1348 2284 .
1405 2223 1588 2288 Nam
1639 2241 1796 2290 eum
1847 2235 2000 2288 ante
2049 2225 2279 2290 celaffe
2317 2275 2339 2308 ‚
2412 2245 2591 2291 nunc
2642 2225 2991 2292 manifesto
3042 2241 3227 2294 tene·

231 2318 334 2384 ri.
381 2317 610 2401 Quare
661 2339 798 2386 non
849 2335 1156 2410 oportere
1226 2321 1402 2386 hanc
1471 2341 1620 2388 rem
1673 2341 1758 2386 ex
1813 2319 2122 2408 superiori
2194 2325 2327 2390 vita
2379 2320 2646 2412 spectari
2689 2375 2710 2408 ‚
2778 2323 2889 2390 sed
2944 2327 3232 2413 inperio-

229 2435 382 2486 καὶ
429 2417 642 2484 vitam
689 2439 774 2488 ex
827 2421 952 2488 hac
1001 2438 1076 2486 re
1128 2417 1522 2508 improbari,
1575 2421 1648 2487 δε
1707 2435 1820 2486 aut
1877 2419 2267 2505 potestatem
2314 2439 2475 2490 ante.
2516 2422 2829 2512 peccandi
2880 2445 3015 2492 non
3069 2423 3228 2490 fuis·

233 2516 346 2604 se,
391 2534 506 2584 aut
554 2519 826 2590 caul‘am
863 2569 882 2589 .
955 2523 1098 2588 Aut
1134 2571 1155 2606 ,
1207 2517 1254 2585 fi
1301 2519 1440 2587 ἔκιε
1491 2517 1618 2586 dici
1674 2539 1809 2585 non
1860 2534 2167 2607 poterunt
2206 2573 2229 2605 ,
2296 2523 2653 2590 dicendum
2700 2529 2825 2591 erit
2894 2523 3058 2590 illud
3108 2543 3233 2590 exo

229 2633 571 2706 tremum,
623 2643 758 2688 non
807 2622 930 2689 effe
977 2623 1230 2690 mirum
1264 2670 1289 2706 ,
1363 2619 1413 2686 fi
1468 2609 1660 2688 nunc'
1701 2622 1994 2708 primum
2043 2619 2391 2710 deliquerit
2427 2669 2453 2688 e
2516 2627 2695 2689 Nam
2767 2623 3011 2690 necess‘e
3057 2621 3152 2690 est
3200 2675 3231 2712 ,

225 2737 400 2791 eum
425 2771 456 2805 ‚.
497 2720 612 2808 qui
663 2720 824 2788 velit
872 2741 1185 2810 peccare,
1257 2719 1618 2810 aliquando
1666 2721 1962 2810 primum
2010 2721 2389 2811 delinquere
2430 2775 2449 2796 .
2518 2724 2633 2790 Sin
2688 2725 2818 2791 vita
2870 2737 3020 2790 ante
3073 2723 3224 2792 aaa

223 2816 694 2910 ignorabitur,
738 2821 1038 2894 hocloco
1086 2823 1454 2912 praeterito,
1503 2825 1719 2894 &cur
1769 2839 2185 2915 praetereatur
2204 2851 2237 2913 ,·
2272 2823 2763 2910 demonstrato,
2803 2823 3224 2914 argumentis·
3340 2805 3367 2830 ⁶

227 2918 730 2991 accusationem
780 2923 996 2992 statim
1047 2926 1446 2994 confirmare
1501 2922 1814 3014 oportebit
1839 2977 1860 2998 .
3060 2927 3069 2934 ’
3230 2949 3243 2961 ’

331 3023 455 3092 XI.
511 3023 836 3094 Defensor
885 3045 1110 3098 autem
1159 3029 1495 3116 primum,
1549 3025 1598 3092 fi
1649 3029 1930 3116 poterit,
1979 3023 2237 3098 debebit
2290 3027 2499 3098 vitam
2546 3033 2731 3112 eim,
2780 3028 2894 3118 qni
2947 3025 3233 3094 infimu-

225 3119 522 3207 labitur,
569 3146 780 3215 quam
829 3126 1334 3197 honestiffimam
1385 3128 1874 3199 demonstrare.
1927 3129 2005 3199 I-d
2062 3131 2305 3217 faciet,
2352 3130 2400 3199 fi
2454 3129 2745 3199 ostendet
2798 3130 3023 3220 aliqua
3072 3128 3239 3207 eius-

227 3237 402 3313 nota
467 3224 538 3289 δι
609 3229 999 3297 communia
1047 3228 1300 3295 officia:
1348 3229 1528 3317 qnod
1579 3252 1794 3321 genus
1837 3282 1860 3318 ,
1925 3230 1994 3297 in
2050 3250 2353 3321 parentes
2392 3284 2414 3317 ,
2464 3246 2781 3323 cognatos
2825 3284 2846 3315 ,
2892 3231 3147 3298 amicos
3197 3282 3229 3312 ‚.

229 3320 510 3405 affine,
557 3322 984 3394 necessarios:
1027 3327 1234 3391 etiam
1281 3349 1428 3414 quae
1475 3334 1693 3419 magis
1743 3351 1898 3397 rara
1971 3334 2050 3401 δε
2113 3334 2363 3399 eximia
2416 3330 2565 3397 sunt
2604 3384 2625 3414 ‚
2696 3330 2745 3394 fi
2798 3330 2879 3391 ab
2929 3350 3009 3413 ep
3060 3350 3225 3393 curn

225 3440 488 3509 magno
537 3421 764 3513 aliquo
813 3421 1071 3509 labore,
1121 3438 1236 3491 aut
1285 3427 1613 3513 pericu-lo,
1665 3446 1779 3497 aut
1828 3444 2111 3515 utraque
2161 3450 2239 3494 re
2275 3477 2296 3510 ‚
2344 3447 2505 3495 cum
2552 3426 2801 3491 necesse
2852 3442 2983 3486 non
3033 3426 3229 3511 effer,

220 3523 432 3593 officii
483 3523 724 3612 causa,
773 3541 888 3619 aut
939 3525 1007 3591 in
1062 3523 1585 3613 rempublicam,
1635 3542 1748 3592 aut
1799 3526 1868 3589 in
1921 3539 2275 3612 parentes,
2332 3539 2445 3589 aut
2498 3525 2567 3589 in
2625 3520 2877 3609 aliquos
2932 3540 3163 3589 eorum
3202 3578 3226 3611 ‚

223 3626 351 3715 qui
399 3626 604 3692 modo
653 3626 930 3713 expositi
983 3625 1133 3692 sunt
1175 3678 1196 3710 ,
1247 3625 1424 3693 faeta
1477 3626 1601 3692 effe
1634 3624 1818 3691 dicet
1852 3672 1874 3691 .-
1927 3624 2189 3691 Deinde
2241 3622 2289 3688 fi
2338 3622 2505 3691 nihil
2556 3620 2895 3708 del-iquiffe
2942 3674 2961 3705 ,
3018 3620 3222 3690 ‘nulla

221 3726 590 3812 cupiditate
643 3724 1036 3812 impeditum
1103 3726 1184 3792 ab
1235 3724 1450 3795 officio
1498 3724 1802 3789 receffiffe
1843 3772 1858 3789 .
1933 3723 2132 3807 Quod
2197 3741 2279 3787 eo
2349 3720 2814 3809 confirmatius
2856 3724 2979 3787 erit
3016 3772 3038 3807 ,
3113 3722 3159 3790 fi
3198 3774 3225 3811 ,

221 3844 398 3894 cum
450 3810 722 3911 potestas
773 3825 1047 3911 impune
1098 3824 1344 3915 aliquid
1399 3821 1681 3892 faciendi
1715 3823 1946 3892 minus
1995 3820 2267 3891 honeste
2316 3820 2502 3891 fuiss'e
2550 3822 2857 3911 dicetur,
2908 3822 3221 3895 voluntas

219 3928 292 3995 ei
351 3923 636 3993 faciendi·
678 3921 1215 3995 demonstrabitur
1271 3924 1536 3993 abfuiffe
1555 3972 1574 3989 .
2023 3984 2028 3989 .
3120 3974 3131 3985 .
3171 3958 3177 3966 ·

335 4029 492 4093 Hoc
541 4042 766 4095 autem
812 4024 1028 4115 ipsum
1078 4047 1293 4115 genus
1344 4027 1464 4093 erit
1516 4045 1604 4094 eo
1643 4024 1906 4095 firmius
1942 4080 1966 4115 ,
2037 4026 2088 4095 fi
2135 4049 2225 4097 eo
2266 4026 2403 4118 ipso
2452 4026 2529 4095 in·
2574 4046 2817 4118 genere
2858 4076 2891 4117 ‚.
2930 4050 3081 4120 quo,
3113 4048 3217 4117 art

211 4142 518 4219 gutur,
571 4128 828 4217 integer
879 4143 1074 4197 antea
1121 4129 1308 4198 fuiffe
1359 4126 1913 4198 demonstrabitur
1953 4155 1975 4195 ι
2026 4144 2102 4196 ut
2157 4131 2213 4197 fi
2243 4182 2263 4217 ‚
2330 4152 2488 4201 cum
2539 4134 2837 4199 avaritiae
2874 4131 3070 4200 causa
3124 4132 3217 4199 fe-

215 4226 376 4299 ciffe
428 4236 790 4320 arguatur,
835 4230 1114 4297 minime
1155 4231 1348 4299 omni
1394 4231 1471 4295 ξπ
1517 4227 1658 4296 vita
1707 4234 1996 4317 pecunia:
2044 4230 2331 4323 cupidus
2396 4232 2581 4301 fuiffe
2647 4232 2957 4304 doceatur
2996 4282 3013 4299 .
3082 4236 3217 4301 Hic

213 4326 348 4403 illa
400 4345 648 4419 magna
698 4351 858 4399 cum
929 4331 1254 4421 gravitate
1303 4328 1648 4397 inducetur
1717 4328 2094 4420 indignatio
2129 4384 2162 4418 ‚„
2218 4330 2444 4411 junsta
2514 4333 2963 4424 conquestioni
3006 4386 3037 4420 ,
3105 4352 3221 4423 per

215 4449 448 4521 quam
489 4413 810 4523 miserum
867 4430 1134 4502 facinus
1171 4432 1348 4519 effer
1387 4429 1456 4503 δε
1513 4430 1864 4519 indignum
1881 4430 2425 4500 demonstrabitur
2451 4486 2471 4518 ‚
2520 4458 2692 4503 eum·
2730 4438 2995 4507 animus
3030 4436 3221 4503 omni

219 4530 304 4597 in
361 4532 500 4598 vita
550 4531 850 4601 fuerit'a·
893 4534 1075 4603 vitiis
1125 4532 1628 4617 remotiffimuS,
1679 4552 1832 4600 eam
1879 4533 2154 4601 causam
2203 4548 2433 4621 putare
2468 4588 2490 4620 ,
2560 4534 3062 4627 quae.homines-
3104 4556 3221 4602 au-

217 4630 432 4703 daces
481 4632 552 4701 in
605 4608 924 4725 &audem
967 4654 1192 4723 rapere
1246 4634 1489 4721 soleat,
1539 4632 1964 4702 castiffimum-
2010 4654 2271 4728 quoque
2318 4628 2663 4707 hominem
2684 4639 2769 4706 ad
2816 4638 3221 4727 peccandum

215 4733 498 4821 potuifl‘e
547 4732 938 4826 impellere:
1010 4750 1124 4803 aut
1173 4737 1490 4828 iniquum
1531 4734 1669 4803 esse
1710 4787 1732 4822 ‚
1801 4738 1872 4805 δε
1929 4736 2177 4823 optimo
2230 4736 2473 4827 cuique
2543 4739 3147 4829 perniciofiffimum
3194 4780 3221 4820 ‚

221 4854 375 4900 non
423 4836 639 4902 vitam
687 4834 956 4905 honeste
1008 4836 1230 4907 aetam
1278 4837 1517 4905 taliin
1567 4852 1860 4923 tempore
1911 4858 2114 4929 quam
2163 4836 2531 4925 plurimum
2576 4837 3063 4931 prodesses&
3100 4832 3219 4902 su·
3266 4888 3271 4895 -

223 4930 377 5001 bita
423 4952 510 5001 ex
563 4934 1269 5028 criminatione,·quae
1319 4936 1614 5032 conffli
1667 4938 1864 5005 facile
1901 4939 2124 5031 point,
2173 4960 2311 5007 non
2360 4963 2445 5011 ex
2499 4960 2652 5012 ante
2680 4942 2843 5031 fasta
2869 4942 3031 5020 vira,
3074 4950 3219 5025 quae
3286 5019 3294 5025 .

219 5052 452 5131 neque
501 5032 588 5103 ad
635 5050 892 5128 tempus
943 5036 1157 5130 fingi,
1206 5060 1416 5133 neque
1468 5042 1610 5111 ullo
1657 5038 1856 5113 modo
1901 5040 2241 5121 immutari
2288 5046 2468 5129 poffit
2508 5094 2541 5128 ,
2584 5040 2801 5111 facere
2840 5036 3213 5114 “iudicium-

2996 5140 3119 5211 Sin
