4359 6321
1201 500 1385 593 118
1931 486 2170 581 ΠΕ
2293 476 3259 575 GRATO·R.E

1068 621 1374 687 homines
1421 609 1690 681 artium·
1720 609 1983 698 spectati
2075 610 2162 677 ec.
2224 604 2540 692 probati,
2608 602 2687 671 fi-
2724 600 3017 689 quando·
3054 597 3306 691 aliquid
3377 597 3615 672 minus.
3652 600 3841 680 ben&
3886 604 4047 678 ἔατε-

1071 735 1270 801 runt,
1317 736 1521 804 quam
1575 709 1828 798 solent,
1882 728 2001 779 aut
2041 704 2358 793 noluiffe‚
2408 717 2523 773 aut
2576 702 3307 790 valaemdine÷irnpediti
3360 725 3501 773 non
3570 706 3857 793 potuisse
3897 730 4050 783 con·

1066 821 1291 909 sequi,
1343 816 1410 883 id
1461 810 1640 905 quod
1689 811 1967 897 scirent,
2017 824 2369 899 putantur.
2423 804 3135 893 Noluit-„inquiunm
3204 804 3396 873 hodie·
3446 804 3987 896 agere‘Rcstius‘
4022 840 4065 901 3.

1064 938 1180 987 aut
1226 971 1248 1004 ‚
1317 915 1598 985 crudior
1688 914 1820 985 fuit
1855 962 1874 982 .
1971 911 2285 980 oratoris.
2350 923 2695 999 peccatum
2752 956 2775 991 ‚
2848 904 2897 972 fi
2984 904 3157 993 quod
3246 906 3339 973 est
3433 906 3973 979 animadversum
4022 964 4047 1000 ,

1064 1020 1344 1088 stultitiae
1397 1030 1746 1107 peccatum
1799 1012 2060 1083 videtur
2095 1066 2118 1100 ,
2185 1009 2480 1079 Stultitia
2528 1022 2753 1078 autem
2803 1004 3325 1074 excusationem.
3356 1028 3491 1073 non
3561 1008 3757 1079 habet
3792 1036 3814 1075 .·
3892 1015 4063 1104 quia,

1061 1142 1264 1189 nemo
1331 1118 1591 1187 videtur
1629 1166 1652 1201 ,
1718 1134 1832 1184 aut
1899 1115 2056 1205 quia
2121 1113 2389 1181 crudus:
2440 1110 2634 1179 fuerit
2671 1163 2692 1196 ‚
2762 1122 2893 1175 aut:
2942 1107 3124 1197 quod
3190 1106 3281 1173 ita
3350 1108 3659 1176 maltoerit
3718 1164 3739 1197 ‚
3814 1112 4041 1183 stultus

1061 1222 1295 1290 fuisse.
1349 1224 1504 1301 Qo
1552 1217 1760 1284 etiam
1810 1214 2082 1305 gravius
2135 1212 2455 1291 judicium
2502 1212 2575 1280 in
2628 1206 3281 1279 dicendosubitrmS.
3334 1212 3607 1291 Qoties
3654 1214 3835 1281 enim
3887 1216 4046 1286 dici·

1059 1342 1258 1406 mus,
1312 1320 1508 1384 toties
1556 1316 1638 1384 de
1685 1315 1868 1387 nobis
1921 1316 2290 1395 iudicatura·
2352 1314 2420 1383 δι
2450 1366 2471 1402 ,
2520 1312 2635 1401 qui
2688 1310 2888 1379 semel
2940 1310 3014 1377 iu
3064 1311 3248 1400 gestu
3300 1312 3651 1397 peccavit,
3704 1336 4043 1385 non-con.

1058 1426 1254 1490 tinuo
1299 1418 1718 1487 existimatur
1773 1416 2024 1485 nescire
2076 1414 2394 1504 gestum:
2467 1414 2658 1491 cujus
2729 1424 2949 1478 autem
3018 1416 3089 1481 in
3156 1412 3433 1479 dicendo
3504 1414 3751 1503 aliquid
3829 1434 4061 1505 reptes·

1056 1518 1522 1602 livosum-est,
1577 1533 1692 1582 aut
1740 1530 1980 1583 aeterna
2029 1516 2100 1583 in
2149 1536 2272 1601 eo,
2320 1529 2453 1583 aut·
2487 1529 2661 1584 certe
2710 1512 3035 1579 diuturna
3069 1512 3246 1579 valet
3296 1514 3515 1598 opinio
3566 1517 3969 1585 tarditatis..

1159 1620 1491 1691 lxx-vim.
1551 1615 1732 1683 Illud
1787 1636 1946 1684 vero
1981 1668 2002 1702 ‚
2053 1614 2233 1706 quod
2284 1634 2327 1683 a
2376 1631 2440 1684 te
2488 1615 2741 1684 distum
2788 1611 2880 1680 est
2914 1666 2936 1701 ‚
2980 1613 3102 1681 effe
3154 1612 3524 1700 permulta,
3576 1638 3727 1705 quae
3778 1636 4043 1707 orator,

1055 1720 1175 1788 nifi
1231 1739 1274 1786 a
1321 1732 1568 1784 natura
1619 1715 1882 1785 haberet
1926 1769 1946 1802 ,
1997 1740 2134 1785 non
2186 1720 2482 1786 multum
2534 1734 2572 1784 a
2624 1712 2941 1803 magistro
2990 1713 3414 1791 adjuvaretur
3452 1742 3477 1801 ‚-
3534 1717 3725 1784 valde
3776 1718 3891 1787 tibi
3942 1719 4055 1787 εἰ.»

1055 1820 1298 1889 sentior
1336 1871 1364 1905 ,
1429 1820 1628 1909 inque
1677 1839 1762 1886 eo
1817 1819 1943 1885 vel.
1973 1815 2281 1887 maxime-
2320 1817 2590 1909 probavi
2641 1814 2987 1884 summum
3036 1813 3235 1883 illum
3280 1813 3615 1883 doctorem
3654 1870 3675 1903 ‚
3746 1818 4036 1887 Alaban*

1057 1920 1328 1989 densam
1383 1917 1822 2007 Apollonium
1865 1970 1890 2008 ‚
1953 1925 2066 2011 qui
2135 1942 2299 1991 cum
2348 1918 2644 1987 mercede
2710 1918 2987 1986 doceret
3015 1968 3036 2002 ,
3102 1933 3326 1986 tamen
3406 1938 3539 1983 non
3616 1919 3981 2004 patiebatur
4015 1972 4039 2008 ,

1051 2042 1168 2089 eos
1205 2073 1230 2107 ,
1279 2040 1446 2112 quos
1497 2016 1829 2099 judicabat
1874 2041 2012 2089 non
2065 2022 2241 2109 poss'e
2280 2038 2573 2087 oratores
2623 2016 2941 2106 evadere,
2987 2038 3280 2106 operam.
3310 2017 3479 2105 apud
3519 2014 3667 2086 'sese
3716 2019 4037 2109 perdere,

1048 2120 1602 2211 dimittebatque3
1677 2123 1746 2190 δε
1827 2119 1910 2186 ad
1964 2142 2163 2209 quam
2222 2142 2549 2211 quemque
2596 2118 3129 2208 artem-putabat
3194 2117 3317 2185 effe
3387 2133 3683 2207 aptum,
3754 2122 3835 2187 ad
3884 2144 4054 2191 eam·

1051 2221 1390 2309 impellere
1444 2237 1638 2311 atque
1692 2220 1940 2289 hortari
1995 2220 2297 2289 solebat..
2384 2223 2555 2289 Satis
2606 2223 2699 2289 est
2748 2222 2945 2291 enim·
2980 2220 3229 2287 caetetis
3300 2218 3603 2287 artificiis
3672 2224 4036 2313 percipien-

1044 2322 1143 2388 dis
1188 2372 1210 2407 ,
1259 2320 1728 2391 tantummodo
1773 2321 2068 2390 fimilem
2117 2324 2241 2391 effe
2290 2323 2577 2389 hominis
2616 2347 2637 2407 3
2712 2325 2783 2391 «Sc
2838 2320 2909 2387 id
2946 2374 2967 2405 ,
3014 2322 3193 2410 quod
3244 2318 3541 2391 tradatur
3576 2373 3598 2407 ‚
3672 2326 3777 2391 vel
3832 2328 4063 2397 etim·

1044 2424 1421 2491 inculcetur
1460 2475 1481 2508 ‚
1554 2422 1802 2512 fi-quis
1851 2422 2044 2488 forte.
2078 2422 2154 2487 fit
2206 2420 2459 2487 tardior
2502 2470 2523 2501 ‚
2595 2422 2767 2508 poffe
2813 2423 3136 2510 percipere
3210 2422 3437 2491 animo
3476 2476 3497 2508 ,
3566 2425 3639 2493 δε
3702 2430 4036 2495 memoria.

1042 2522 1365 2591 custodire
1401 2567 1418 2586 .
1496 2521 2018 2608 Non-quaeritur
2071 2517 2407 2586 mobilitas
2461 2519 2707 2611 linguae
2750 2573 2773 2608 ‚
2836 2542 2973 2588 non
3047 2523 3350 2590 celeritas
3412 2523 3765 2594 verborum
3803 2579 3825 2612 ‚
3898 2550 4033 2597 non

1039 2622 1320 2708 denique
1369 2638 1446 2686 ea
1487 2668 1508 2703 ‚
1561 2642 1706 2709 quae
1756 2619 1946 2687 nobis
2003 2638 2136 2688 non
2194 2620 2527 2707 possumus
2580 2622 2843 2712 fingere
2876 2672 2927 2709 „
2966 2622 3228 2713 facies,
3284 2626 3515 2696 vultus
3544 2679 3582 2715 ,.
3618 2625 3815 2697 sonus
3852 2672 3871 2694 .
3928 2634 4017 2697 In

1040 2734 1301 2787 oratore
1350 2730 1576 2789 autem
1630 2740 1911 2789 acumen
1963 2720 2468 2791 dialecticorum
2505 2776 2527 2811 ‚
2580 2722 2915 2792 sententia:
2960 2724 3497 2812 philosophorum
3536 2780 3557 2811 ,
3630 2728 3833 2798 verba
3880 2752 4037 2819 pro·-

1042 2841 1122 2909 pe
1177 2835 1520 2910 poetarum
1559 2870 1583 2906 ,
1664 2823 1982 2889 memoria
2031 2821 2654 2901 iurisconsultorum
2694 2877 2734 2912 ‚.
2785 2848 2917 2892 vox
2970 2824 3430 2913 tragoedorum
3466 2877 3486 2910 ,
3558 2826 3783 2915 gestus
3854 2850 4079 2915 pene‘·

1047 2919 1470 2989 summorum
1524 2922 1820 2991 aROrum
1869 2921 1960 2989 est
2011 2926 2485 3013 requirendus.
2540 2923 3017 3013 Quamobremz
3054 2924 3333 2991 nih-iliu
3368 2925 3727 2989 hominum
3778 2948 4031 3015 genere

1050 3023 1274 3090 rarius
1320 3022 1617 3111 perfeeto
1667 3042 1924 3091 oratore
1963 3025 2275 3092 inveniri·
2308 3028 2513 3114 potest
2550 3074 2569 3092 .
2624 3032 2789 3110 Quae
2836 3024 3019 3091 enim
3071 3022 3497 3111 singularunm
3530 3040 3765 3093 'rerum
3818 3027 4033 3092 artifi-

1045 3136 1157 3190 ces
1212 3122 1472 3213 fingula
1526 3123 1573 3192 fi
1627 3126 2035 3194 mediocriter
2085 3128 2303 3215 adepti
2362 3126 2511 3195 sunt
2549 3177 2570 3213 ‚
2634 3122 2987 3214 probantur
3032 3177 3057 3214 ‚
3121 3145 3197 3192 ea
3236 3178 3257 3214 ,
3308 3124 3713 3195 nifizomniae
3764 3125 4054 3196 summm

1047 3221 1198 3291 sunt
1251 3226 1320 3292 in
1371 3240 1672 3316 oratore,
1721 3227 1977 3318 probari
2028 3249 2164 3296 non
2220 3228 2510 3316 poffunt.
3418 3279 3425 3288 .

1147 3325 1642 3398 Tum-Crassus
1683 3382 1704 3414 ,
1743 3331 1966 3420 Atqui
2011 3331 2211 3413 vide,
2258 3329 2522 3420 inquit,
2574 3330 2639 3396 in
2693 3327 2971 3396 artificio
3024 3347 3370 3419 perquam.
3416 3333 3619 3398 tenui.
3672 3331 3742 3400 &
3820 3331 3960 3398 levi
4006 3383 4029 3418 ,

1045 3441 1295 3514 quanto
1343 3429 1496 3518 plus
1549 3428 1933 3499 adhibeatur
1987 3431 2385 3522 diligentiae,
2434 3451 2637 3521 quam
2690 3429 2759 3496 in
2810 3429 2936 3496 hac
2990 3449 3101 3516 re,
3152 3450 3359 3520 quam
3409 3430 3659 3500 constat
3710 3433 3831 3500 effe
3880 3451 4025 3498 ma-
4056 3457 4073 3494 .·

1045 3527 1346 3596 ximam.
1401 3534 1578 3617 Saepe
1624 3535 1809 3601 enim
1861 3530 2323 3603 soleoaudire
2372 3531 2752 3618 Roscium,
2797 3533 3095 3599 cumita
3152 3532 3331 3601 dicat
3362 3585 3385 3619 ,
3453 3533 3519 3601 se
3570 3531 3787 3600 adhuc
3838 3551 4025 3620 repe·

1041 3629 1198 3693 rire·
1227 3627 1632 3714 distipulum
1673 3683 1694 3716 ‚
1741 3651 1950 3720 quem
1998 3635 2273 3723 quidem
2324 3631 2616 3720 probaret
2652 3687 2675 3723 ,
2736 3633 3013 3722 potuisse
3060 3636 3395 3702 neminem
3432 3658 3457 3699 .·
3512 3655 3649 3704 non
3702 3651 3834 3723 quo
3883 3653 4021 3701 non

1044 3725 1244 3792 elsent
1295 3727 1566 3813 quidam
1621 3726 1988 3815 probabiles
2030 3784 2051 3816 ,
2123 3732 2233 3798 sed
2281 3735 2497 3822 quiat,
2564 3736 2629 3802 fi.
2666 3736 2921 3826 aliquid
2992 3735 3205 3806 modo.
3236 3735 3384 3802 effer
3437 3739 3637 3821 vitii,
3704 3735 3787 3802 id·
3850 3733 4027 3802 ferre

1043 3823 1182 3913 ipse
1247 3843 1381 3891 non
1434 3827 1630 3914 poffet
1669 3874 1685 3893 .
1757 3829 1944 3896 Nihil
2001 3831 2094 3898 est
2137 3831 2327 3900 enim
2372 3848 2511 3901 tam
2564 3835 2821 3926 insigne
2862 3886 2882 3920 ,
2950 3856 3075 3906 nec
3130 3849 3271 3901 tam
3336 3835 3420 3899 ad
3492 3833 4021 3904 diuturnitatem

1044 3926 1396 3992 memoriam
1431 3925 1698 4013 stabile,
1752 3947 1953 4018 quam
2003 3929 2108 4017 id,
2163 3931 2233 4000 in
2284 3955 2423 4024 quo
2466 3937 2723 4027 aliquid
2772 3935 3159 4003 offenderis.
3636 3978 3644 3986 a

1150 4029 1392 4116 Itaque
1434 4042 1508 4096 ut
1557 4027 1642 4096 ad
1693 4029 1868 4099 hanc
1919 4031 2437 4104 similitudinem·
2472 4038 2677 4118 hujus
2721 4034 3046 4104 histrionis
3087 4085 3109 4118 ,
3176 4032 3543 4101 oratoriam
3591 4031 3885 4102 laude-m·
3916 4036 4025 4104 di..

1035 4127 1397 4219 ,rigamu53
1453 4127 1804 4220 videtisne,
1853 4155 2058 4226 quam
2112 4137 2277 4206 nihil
2332 4135 2415 4205 ab
2458 4160 2547 4207 eo
2581 4190 2604 4226 ,
2650 4138 2771 4205 nili
2822 4132 3111 4225 perfecbe
3145 4185 3166 4218 ‚
3232 4131 3402 4200 nihil
3452 4133 3570 4200 nifi
3624 4134 4019 4202 eum.sum-

1045 4247 1161 4294 ma
1209 4229 1548 4302 venustate
1595 4231 1778 4302 flat?
1833 4239 1998 4306 nihil
2055 4234 2171 4306 nili
2227 4240 2361 4326 ita·,
2410 4257 2485 4306 ut
2536 4241 2765 4307 deceat
2809 4287 2841 4326 „
2884 4238 2963 4308 δι’,
3012 4237 3108 4304 uti
3176 4255 3407 4302 omnes
3480 4251 3747 4305 moveat
3816 4248 4021 4326 atque

1045 4329 1320 4398 deleaet
1357 4331 1386 4398 ἓ
1462 4336 1697 4424 ltaque
1741 4337 1868 4407 hoc
1922 4339 2168 4418 jamdiu
2218 4338 2313 4408 est
2358 4338 2749 4410 consecutus
2786 4391 2807 4426 ‚
2874 4356 2961 4406 ut·
2992 4389 3039 4425 ,.
3078 4338 3163 4405 in.
3198 4358 3329 4427 quo
3394 4337 3673 4428 quisque
3736 4337 4017 4406 artificio

1039 4428 1394 4500 excelleret
1431 4485 1450 4520 ‚
1524 4436 1578 4502 is
1649 4440 1718 4503 in
1776 4440 1892 4508 suo
1933 4447 2205 4527 *genere
2255 4440 2535 4514 Roscius
2582 4443 2907 4511 diceretur
2955 4488 2972 4507 .
3044 4442 3261 4508 Hanc:
3286 4459 3415 4528 ego
3466 4435 3949 4508 absolutionem
3995 4492 4018 4526 ,

1037 4530 1646 4623 perfeetionemque
1685 4540 1756 4605 in
1807 4557 2069 4609 oratore
2117 4539 2493 4610 defiderans
2536 4596 2559 4630 ,
2612 4563 2667 4612 a>
2702 4563 2831 4634 qua
2885 4539 3019 4630 ipse
3067 4539 3286 4632 longe·
3320 4538 3575 4612 absum.
3594 4593 3615 4628 ‚
3666 4539 3851 4607 facio·
3886 4542 4015 4608 im-

1039 4631 1371 4717 pudenter
1399 4678 1428 4698 .
1497 4635 1672 4702 Mihi
1717 4641 1898 4707 enim
1956 4639 2134 4708 volo·
2162 4641 2415 4730 ignosci
2454 4669 2499 4734 3-
2544 4643 2809 4714 caeteris·
2866 4645 3001 4732 iple
3069 4663 3221 4712 non.
3254 4642 3528 4733 ignosco
3559 4689 3578 4709 .
3650 4645 3834 4709 Nam
3898 4643 4019 4730 qui

1038 4751 1178 4798 non
1230 4730 1478 4822 potest,
1526 4735 1648 4822 qui
1691 4741 1924 4806 vitiose
1976 4739 2183 4826 facit,
2230 4761 2435 4829 quem
2482 4745 2771 4836 denique
2818 4765 2952 4812 non
3003 4744 3187 4815 decet
3222 4797 3247 4833 ‚
3296 4746 3477 4814 hunc
3546 4759 3680 4836 (ut
3731 4742 4013 4830 Apollo-

1042 4832 1194 4900 nius
1244 4830 1565 4922 jubebat)
1611 4835 1696 4900 ad
1747 4837 1859 4922 id,
1913 4841 2089 4928 quod
2135 4842 2357 4909 facere
2404 4845 2627 4932 poffit,
2670 4845 3159 4915 detrudendum
3208 4863 3408 4936 puto.

1104 4937 1397 5002 ·x·x·1x.
1450 4937 1640 5004 Num
1687 4953 1760 5004 tu
1815 4941 2021 5028 igitur
2053 4994 2076 5028 ‚
2147 4941 2369 5032 inquit
2412 4948 2749 5039 Sulpicius
2782 4997 2805 5034 ,
2874 4967 3045 5036 me,
3120 4965 3246 5019 aut·
3280 4949 3838 5033 hune-cottam,
3910 4947 4024 5026 ius-

1031 5031 1275 5121 civile,
1326 5053 1440 5106 aut
1487 5058 1630 5108 rem
1683 5041 2042 5120 militarem
2089 5042 2271 5124 iubes
2306 5043 2594 5118 discere:
2650 5051 2996 5142 numquis
3042 5052 3139 5122 ad
3178 5049 3305 5122 ista
3346 5048 3645 5141 summa,
3696 5066 3895 5140 atque
3940 5051 4010 5116 in

3728 5173 3909 5224 omni
