4359 6321
1298 454 1475 545 244
2016 414 2254 507 DE
2369 335 3362 503 0⁰RATORE

1172 548 1289 619 libi
1341 550 1411 615 in
1458 540 1739 611 dicendo
1786 530 2142 626 obstrepere
2195 533 2588 601 videantur.
2639 534 2896 599 Verum
2932 582 2954 617 ,
3009 531 3054 605 fi
3113 532 3320 621 placet
3361 580 3383 615 ,
3433 528 3750 619 quoniam
3801 526 3947 613 ἦκα,
3973 533 4166 609 satis

1176 650 1357 739 spero
1394 636 1651 736 ,vobis
1701 638 1973 732 quidem
2022 652 2200 707 certe
2253 632 2612 712 maioribus
2641 686 2670 720 ,
2723 634 2992 702 molesta
3041 636 3114 705 δε
3172 631 3402 725 putida
3451 631 3719 719 videri,
3767 633 3852 703 ad
3901 638 4164 730 reliqua

1172 751 1516 841 aliquanto
1566 742 1877 813 odiofiora
1928 759 2322 830 pergamus·

1188 846 1196 853 ’
1278 854 1467 919 XIV.
1523 850 1745 937 Atque
1797 843 1973 911 vides
2012 894 2033 927 ,
2100 840 2314 930 inquit
2367 839 2700 908 Antonius
2735 890 2760 925 ,
2799 860 2984 907 -cum
3043 837 3203 905 alias
3254 854 3364 901 res
3417 854 3697 922 agamus
3747 886 3770 922 ,
3841 860 4047 927 quam
4103 857 4170 916 te

1176 952 1369 1023 inviti
1418 949 1763 1018 audiamus
1800 1000 1821 1031 ,
1887 946 1999 1034 qui
2072 940 2310 1009 adduci
2363 944 2692 1031 possumus
2767 940 2902 1025 (de
2956 959 3064 1007 me
3127 937 3312 1003 enim
3361 937 3698 1018 conjicio)
3770 940 4012 1013 relictis
4084 959 4160 1015 ut

1174 1048 1363 1125 ‘rebus
1417 1048 1725 1121 omnibus
1769 1063 1839 1113 te
1890 1043 2208 1111 flectemur
2247 1094 2268 1128 ,
2319 1058 2381 1109 te
2430 1044 2775 1110 audiamus
2810 1064 2834 1105 .·
2887 1042 2976 1106 ita
3033 1042 3114 1105 de
3163 1035 3448 1105 horridis
3499 1036 3692 1107 rebus
3747 1040 3953 1109 nitida
4009 1094 4036 1131 ,
4085 1045 4168 1113 de

1176 1154 1419 1234 jejunis
1469 1153 1701 1241 plena,
1748 1146 1833 1213 de
1884 1144 2295 1232 pervulgatis
2345 1163 2518 1210 nova
2571 1140 2877 1232 quaedam
2927 1140 3020 1209 est
3068 1141 3284 1205 oratio
3333 1152 3484 1204 tua.

1276 1254 1537 1321 Faciles
1582 1248 1819 1333 enim‘,
1860 1246 2113 1334 inquit,
2167 1243 2486 1327 Antoni,
2535 1259 2746 1331 partes
2798 1264 2888 1310 eae
2941 1242 3217 1308 fuerunt
3267 1237 3417 1307 duae
3458 1292 3476 1325 ,
3543 1260 3706 1327 quas
3763 1240 3968 1313 modo
4017 1268 4165 1335 per.

1170 1354 1482 1437 cucurri,
1539 1350 1646 1419 vel
1696 1348 1911 1439 potius
1960 1362 2125 1430 pene
2183 1344 2452 1429 praeterii
2497 1392 2518 1427 ,
2587 1342 2820 1410 Latine
2871 1341 3242 1432 loquendi,
3293 1340 3614 1428 planeque
3661 1340 3918 1409 dicendi
3959 1370 3977 1411 z
4063 1369 4164 1415 re-

1174 1456 1373 1545 liquae
1426 1452 1577 1521 sunt
1628 1468 1925 1536 magnae,
1975 1442 2369 1529 implicatae,
2419 1445 2610 1512 variae
2647 1498 2667 1529 ,
2739 1465 2976 1532 graves
3016 1497 3035 1529 ,
3085 1437 3586 1537 quibusomnis
3663 1441 4039 1526 admiratio·
4069 1449 4162 1517 in.

1170 1556 1349 1647 genii
1392 1604 1413 1639 ,
1478 1552 1704 1637 omnis
1756 1548 1899 1613 laus
1950 1543 2334 1631 eloquentia:
2385 1546 2766 1615 continetur
2802 1595 2818 1613 .
2897 1550 3114 1613 Nemo
3177 1544 3360 1609 enim
3408 1561 3713 1632 unquam.
3781 1542 3876 1611 est
3947 1566 4160 1619 orato-

1171 1677 1361 1737 rem,
1410 1652 1589 1740 quod
1641 1648 1879 1714 Latine
1928 1644 2351 1733 loqueretur,
2401 1644 2808 1715 admiratus.
2857 1649 2926 1715 Si
2978 1646 3070 1714 est
3092 1644 3324 1728 aliter,
3375 1644 3684 1713 irrident:
3741 1666 3957 1734 neque
4005 1670 4160 1723 eum

1172 1770 1503 1823 oratorem
1555 1746 2017 1820 tantummodo
2052 1797 2077 1832 ,
2148 1744 2256 1814 sed
2306 1748 2644 1815 hominem
2697 1766 2828 1815 non
2883 1764 3115 1835 putant
3151 1794 3167 1813 .
3241 1748 3460 1811 Nemo
3509 1746 3760 1813 extulit
3811 1766 3968 1817 eum
4023 1768 4162 1831 ver·

1171 1856 1270 1924 bis
1308 1907 1329 1943 ,
1375 1854 1489 1945 qui
1540 1853 1635 1919 ita
1688 1850 1939 1919 dixiffet
1978 1898 2001 1933 ,
2050 1864 2125 1914 ut
2164 1900 2186 1935 ,
2236 1852 2350 1938 qui
2403 1847 2680 1921 adeffent
2719 1902 2741 1936 ,
2790 1850 3240 1940 intelligerent
3291 1844 3450 1935 quid
3497 1844 3786 1915 diceret:
3845 1844 3958 1920 sed
4007 1872 4165 1919 con-

1174 1956 1437 2045 tempfit
1484 1972 1641 2023 eum
1682 2002 1705 2038 ,
1751 1953 1867 2041 qui
1922 1949 2142 2016 minus
2195 1949 2262 2015 id
2316 1948 2532 2018 facere
2587 1950 2920 2038 potuiss'et.

1276 2060 1357 2123 In
1408 2074 1540 2145 quo
1592 2054 1797 2143 igitur
1849 2052 2157 2119 homines
2207 2048 2692 2123 exhorrescunt
2729 2055 2764 2115 ‚2
2833 2071 3036 2144 quem
3105 2049 3440 2139 stupefaffi
3491 2050 3819 2119 dicentem
3895 2053 4164 2121 intuen-

1172 2174 1284 2225 tur
1324 2158 1359 2219 .?
1428 2158 1498 2221 in
1548 2176 1681 2244 quo
1732 2153 2113 2220 exclamant
2154 2151 2192 2212 ἓ
2241 2170 2442 2239 quem
2495 2153 2698 2221 deum
2741 2206 2760 2241 ,
2827 2172 2904 2221 ut
2957 2155 3048 2220 ita
3098 2152 3319 2221 dicam
3371 2203 3394 2237 ,
3463 2153 3630 2219 inter
3679 2152 3982 2219 homines
4033 2175 4160 2239 pu·

1174 2262 1377 2329 tant?
1433 2257 1568 2341 Qi
1622 2254 1915 2322 distincte
1954 2304 1973 2336 ,
2024 2254 2137 2341 qui
2199 2253 2524 2342 explicate
2561 2306 2584 2342 ,
2635 2255 2748 2344 qui
2805 2255 3213 2323 abundanter
3258 2305 3281 2339 ,
3332 2253 3444 2342 qui
3495 2251 3862 2331 illuminate
3921 2254 3994 2323 δι
4049 2270 4156 2317 re·

1172 2356 1336 2439 bus,
1391 2352 1459 2421 &
1522 2358 1738 2419 verbis
1793 2354 2018 2421 dicunt
2062 2402 2083 2437 ,
2154 2356 2228 2423 δε
2304 2355 2372 2419 in
2426 2353 2562 2444 ipsa
2614 2356 2910 2425 oratione
2957 2355 3140 2445 quali
3206 2354 3540 2444 quendam
3605 2372 3956 2423 numerum
4005 2371 4160 2419 ver-

1172 2453 1453 2542 sumque
1502 2451 1867 2519 conficiunt
1908 2482 1931 2535 ;
1986 2451 2052 2520 id
2102 2450 2196 2520 est
2235 2504 2254 2540 ,
2306 2454 2480 2545 quod
2533 2458 2744 2543 dico,
2793 2472 3022 2526 ornate
3057 2504 3072 2523 .
3125 2458 3264 2539 Qi
3313 2454 3485 2523 idem
3541 2454 3628 2521 ita
3676 2452 4098 2531 moderantur
4141 2502 4163 2537 ,

1176 2571 1249 2623 ut
1308 2573 1577 2636 rerum,
1626 2568 1700 2618 ut
1750 2548 2177 2637 personarum
2229 2556 2583 2641 dignitates
2640 2557 2866 2627 ferunt
2907 2611 2928 2646 ,
2998 2560 3042 2625 ii
3101 2556 3248 2625 sunt
3299 2557 3366 2623 in
3417 2576 3496 2623 eo
3543 2574 3792 2645 genere
3841 2548 4156 2621 laudandi

1174 2653 1436 2739 laudis,
1486 2652 1661 2742 quod
1713 2670 1841 2739 ego
1886 2664 2113 2737 aptum
2164 2652 2236 2718 &
2295 2674 2672 2745 congruens
2725 2660 3104 2727 nominem.

1278 2755 1413 2838 Qu
1465 2754 1555 2819 ita
1606 2754 1889 2819 dicerent
1928 2803 1949 2837 ,
1996 2770 2107 2817 eos
2160 2758 2430 2841 negavit
2487 2756 2698 2825 adhuc
2753 2757 2817 2825 se
2869 2756 3082 2822 vidiffe
3133 2755 3466 2821 Antonius
3509 2806 3528 2837 ,
3597 2755 3669 2821 &
3725 2754 3802 2817 iis
3858 2753 3985 2827 hoc
4044 2774 4158 2821 no-

1172 2876 1333 2924 men
1382 2854 1546 2929 dixit
1598 2852 1983 2942 eloquentia:
2039 2852 2194 2917 solis
2242 2855 2364 2921 else
2411 2855 2842 2927 tribuendum
2879 2904 2896 2922 .
2953 2862 3174 2937 Quare
3223 2873 3452 2921 omnes
3501 2850 3661 2919 istos
3701 2905 3722 2935 ,
3774 2872 3884 2922 me
3943 2853 4154 2925 anfio-

1172 2976 1245 3024 re
1284 3008 1305 3042 ,
1348 2952 1642 3023 deridete
1691 2972 1887 3043 atque
1940 2954 2340 3022 contemnite
2386 3008 2407 3041 ,
2475 2960 2587 3047 qui
2641 2957 2704 3022 se
2751 2958 2996 3023 horum
3034 3007 3055 3040 ,
3123 2954 3232 3042 qui
3287 2974 3465 3021 nunc
3539 2953 3626 3017 ita
3679 2956 4095 3039 appellantur
4133 3004 4158 3039 ,

1172 3056 1513 3127 rhetorum
1565 3056 1892 3145 praeceptis
1944 3074 2220 3120 omnem
2271 3068 2608 3125 oratorum
2684 3056 2823 3122 vim
2871 3054 3258 3143 complexos
3327 3052 3446 3119 effe
3503 3050 3905 3123 arbitrantur
3957 3082 3978 3143 ς
4052 3075 4158 3126 nee

1172 3179 1301 3250 que
1352 3158 1568 3229 adhuc
1619 3177 1820 3248 quam
1872 3153 2218 3246 personam
2269 3169 2530 3222 teneant
2565 3208 2586 3243 ,
2655 3174 2771 3226 aut
2819 3156 2977 3246 quid
3031 3155 3462 3244 profiteantur
3507 3205 3529 3240 ,
3601 3153 3984 3245 intelligere,
4051 3179 4160 3246 po-

1167 3275 1478 3328 tuerunt.
1532 3265 1793 3328 Verum
1836 3258 2023 3324 enim
2076 3257 2366 3342 oratori,
2417 3279 2564 3346 quae
2616 3255 2772 3325 sunt
2823 3261 2892 3324 in
2941 3257 3296 3342 hominum
3339 3255 3514 3339 vita,
3569 3258 4162 3346 (quandoquidem

1166 3359 1238 3426 in
1288 3383 1365 3429 ea
1426 3363 1725 3430 vet-latur
1774 3375 1991 3427 orator
2024 3409 2049 3446 ,
2115 3374 2313 3449 atque
2363 3377 2440 3424 ea
2469 3357 2584 3426 .est
2635 3359 2701 3424 ei
2751 3355 3038 3441 sublesta
3087 3356 3438 3440 materies)
3511 3357 3734 3422 omnia
3805 3359 4068 3446 quaefita
4125 3413 4150 3445 ‚

1158 3459 1385 3530 audita
1430 3515 1455 3552 ,
1492 3463 1667 3533 lecta
1704 3515 1730 3552 ,
1778 3463 2137 3550 disputata,
2201 3458 2481 3527 tractata
2519 3511 2540 3546 ,
2591 3461 2838 3548 agitata
2889 3462 3009 3528 effe
3059 3455 3336 3526 debent.
3393 3452 3496 3522 Est
3543 3455 3718 3520 enim
3769 3457 4158 3544 eloquentia

1162 3583 1299 3630 una
1348 3564 1643 3650 quaedam
1692 3563 1773 3630 de
1824 3562 2101 3630 summis
2156 3557 2560 3630 virtutibus:
2615 3582 3004 3652 quanquam
3058 3559 3210 3628 sunt
3259 3577 3488 3628 omnes
3539 3555 3806 3624 virtutes
3857 3558 4160 3646 aequales

1170 3661 1242 3730 &
1295 3679 1485 3746 pares
1522 3709 1546 3746 ,
1597 3662 1703 3728 sed
1754 3677 1975 3727 tamen
2018 3661 2121 3726 est
2166 3660 2418 3747 species
2471 3661 2602 3727 alia
2656 3664 2870 3751 magis
2924 3662 3052 3728 alia
3105 3657 3392 3727 formosa
3445 3659 3514 3727 δε
3569 3655 3895 3724 illustris:
3975 3657 4164 3726 ficut

1158 3759 1300 3826 haec
1357 3761 1460 3825 vis
1496 3811 1517 3844 ,
1586 3782 1729 3849 quae
1784 3759 2119 3827 scientiam
2170 3761 2518 3844 complexa
2587 3780 2812 3828 rerum
2850 3810 2873 3847 ,
2944 3760 3123 3826 sensa
3195 3759 3435 3828 mentis
3471 3810 3492 3842 ,
3563 3758 3634 3827 &
3707 3755 3976 3825 consilia
4069 3761 4164 3828 fic

1165 3857 1379 3924 verbis
1426 3859 1713 3944 explicat
1752 3910 1773 3943 ,
1819 3874 1897 3925 ut
1946 3879 2059 3928 eos
2101 3912 2122 3945 ,
2172 3861 2288 3948 qui
2339 3855 2615 3924 audiunt
2651 3909 2674 3942 ‚
2725 3875 3147 3950 quocumque
3195 3853 3562 3922 incubuerit
3605 3905 3626 3939 ,
3675 3857 3860 3945 poffit
3913 3860 4150 3946 impel-

1160 3947 1303 4023 1ere'
1342 3978 1366 4017 ··
1443 3979 1583 4046 qua:
1636 3979 1771 4048 quo
1822 3959 2035 4036 major
2082 3958 2179 4026 est
2231 3958 2333 4024 vis
2380 4007 2402 4043 ,
2449 3956 2578 4023 hoc
2628 3957 2724 4022 est
2775 3957 2988 4044 magis
3035 3951 3346 4041 probitate
3397 3955 3740 4043 iungenda
3777 4010 3801 4044 ,
3855 3959 4158 4028 summa-

1166 4075 1297 4146 que
1344 4055 1731 4146 prudentia
1782 4079 2065 4146 quarum
2120 4059 2455 4126 virtutum
2502 4053 2882 4142 expertibus
2931 4053 2980 4120 fi
3016 4053 3272 4120 dicendi
3323 4055 3584 4141 copiam
3641 4058 4144 4144 tradiderimus,

1162 4172 1305 4224 non
1358 4175 1468 4224 eos
1520 4156 1785 4247 quidem
1835 4169 2124 4224 oratores
2168 4151 2582 4222 effecerimus
2617 4209 2638 4242 ,
2705 4156 2810 4225 sed
2881 4151 3247 4226 furentibus
3319 4153 3622 4244 quaedam
3696 4180 3884 4228 arma
3951 4159 4138 4228 dede-

1154 4257 1413 4327 rimus.
2257 4321 2264 4329 .

1259 4360 1416 4426 XV.
1470 4361 1711 4447 Hanc,
1754 4359 2074 4450 inquam,
2122 4362 2464 4452 cogitandi
2511 4363 3108 4456 pronuntiandique
3163 4364 3535 4450 rationem,
3589 4364 3860 4456 vimque
3913 4368 4156 4437 dicen-

1146 4447 1273 4544 di,
1322 4473 1575 4528 veteres
1624 4463 1835 4531 Graeci
1889 4461 2272 4552 sapientiam
2327 4463 2792 4557 nominabantj.
2848 4469 3026 4536 Hinc
3081 4463 3180 4535 illi
3235 4465 3580 4554 Lycurgi,
3631 4464 3789 4534 hinc
3844 4461 4086 4540 Pittaci
4131 4517 4154 4556 ,

1144 4557 1683 4650 hincholones5
1741 4579 1935 4654 atque
1986 4565 2065 4631 ab
2112 4565 2242 4634 hac
2293 4564 2724 4636 simili-tudine
2773 4565 3183 4638 Coruncanii
3237 4563 3436 4631 nostri
3479 4618 3502 4653 ,
3553 4565 3900 4658 Fabricii,
3951 4579 4154 4642 Cato·

1152 4679 1319 4744 nes,
1362 4663 1699 4752 Scipiones
1753 4665 2067 4752 fuer-unt,
2122 4689 2256 4734 non
2301 4685 2452 4734 tam
2503 4665 2760 4738 fortafl'e
2812 4669 3022 4756 docti,
3077 4664 3184 4738 sed
3233 4667 3478 4754 impetu
3535 4671 3780 4737 mentis
3837 4671 4040 4744 fimili
4081 4675 4154 4744 δε

1148 4760 1548 4834 voluntate.
1603 4764 1855 4832 Eadem
1906 4783 2128 4834 autem
2174 4767 2293 4834 alii
2343 4769 2687 4857 prudentia
2725 4821 2748 4855 ,
2815 4769 2930 4838 sed
2975 4768 3252 4840 consilio
3327 4769 3406 4836 ad
3463 4769 3610 4840 vitae
3687 4772 3894 4843 studia
3941 4775 4159 4864 dispa-

1151 4860 1261 4951 ri,
1310 4867 1593 4960 quietem
1646 4883 1840 4958 atque
1884 4868 2105 4936 otium
2157 4866 2403 4956 secuti,
2450 4887 2526 4938 u‘t
2578 4869 3030 4962 Pythagoras,
3085 4871 3518 4941 Democritus
3555 4928 3576 4962 ,
3629 4877 4086 4968 Anaxagoras
4133 4929 4156 4962 ,

1143 4980 1201 5030 a
1264 4966 1995 5074 regendis-ciritatibus
2044 4985 2217 5041 totos
2269 4968 2338 5039 se
2385 4969 2472 5042 ad
2523 4973 2973 5064 cognitionem
3022 4997 3253 5050 rerum
3293 4973 3819 5061 transtulerunt:
3873 5003 4020 5074 quae
4062 4981 4156 5045 vi-

3974 5099 4050 5152 ca
