4359 6321
875 396 1500 491 LIBER
1623 394 2437 492 PRIMUS.
2940 422 3221 537 ²39.

261 530 464 609 atque
511 518 768 609 agitare
816 517 1069 605 venet,
1113 539 1194 586 ea
1221 519 1414 587 ⁴dixit
1453 572 1478 605 ,
1545 540 1692 609 quae
1739 540 1780 585 a
1829 518 2239 610 philosophis
2282 519 2415 607 dici
2484 514 2697 589 {blent‘
2732 519 2769 587 ἓ
2832 525 2945 615 qui
3018 521 3260 615 partini

255 619 532 685 omnino
589 634 810 687 motus
878 636 1130 709 negant
1195 620 1263 687 in
1321 619 1566 688 animis
1613 620 1788 691 ullos
1837 623 1960 688 effe
2010 621 2245 690 debere
2282 675 2307 707 ‚
2374 618 2623 716 qui'qoe
2672 636 2785 693 eos
2838 624 2905 690 in
2963 615 3261 705 Judi'eihir

253 706 586 776 mentibus
640 712 1017 794 concitent,
1069 720 1291 777 stettin·
1326 740 1456 776 tua
1497 722 1701 786 dume
1732 722 2082 776 nefariam
2136 722 2366 779 fecere
2404 746 2462 799 ς-
2485 726 2738 803 pei-tim
2765 772 2788 805 ,
2854 727 2983 809 qui‘
3018 725 3262 794 tolera-

251 807 518 878 biliores
566 810 804 879 volunt
850 809 1018 895 effe,
1073 812 1144 879 δε
1203 808 1286 876 ad
1343 810 1696 877 veritatem
1747 810 1900 879 vitm
1950 810 2220 902 propius
2267 812 2581 885 accedere
2623 870 2647 909 ,
2690 820 3179 911 pet-mediocres
3235 876 3261 911 ,

251 930 324 978 ac
379 916 603 1000 potius
653 910 839 979 leves·
883 926 1104 979 motus
1151 908 1382 977 debere
1432 912 1554 979 effe
1601 912 1870 979 dicunt.
3124 937 3131 945 ·

349 1015 605 1083 Orator·
657 1028 895 1082 autem
933 1018 1160 1083 omnia
1211 1014 1356 1081 haec
1387 1066 1408 1100 ‚
1457 1034 1604 1103 quae
1657 1030 1974 1101 putantur
2019 1016 2089 1082 in
2143 1018 2491 1085 communi
2552 1020 2701 1089 vitae
2772 1019 3257 1099 consuetudine

246 1114 430 1183 mala
465 1171 488 1203 ,
557 1120 638 1186 ac
685 1116 952 1184 molesta
995 1168 1022 1203 ‚
1089 1118 1158 1185 &
1217 1114 1532 1204 fugienda
1569 1168 1590 1201 ,
1641 1115 1862 1183 multo
1911 1118 2164 1196 maiora
2216 1120 2288 1187 &
2350 1114 2681 1187 acerbiora
2736 1120 2947 1190 verbis
3016 1124 3174 1193 facit
3232 1152 3255 1195 e

247 1216 536 1309 itemque
583 1238 706 1305 ea,
742 1212 900 1312 'quae
952 1217 1162 1306 vulgo
1209 1206 1584 1305 expetenda
1627 1234 1826 1309 atque
1877 1217 2187 1307 optabilia
2240 1218 2547 1287 videntur
2590 1273 2615 1309 ,
2691 1220 2967 1289 dicendo
3016 1224 3257 1315 ampli..

247 1319 408 1387 ficar
460 1336 660 1411 atque
713 1336 952 1388 ornati
1007 1340 1220 1409 neque
1271 1319 1422 1393 vult
1471 1322 1559 1387 ita
1621 1318 1879 1407 sapiens
1927 1322 2098 1387 inter
2149 1316 2387 1387 stultos
2432 1320 2713 1408 videri,
2758 1326 2857 1391 uti
2896 1377 2919 1410 ,
2966 1326 3082 1415 qui
3136 1345 3255 1395 au·

245 1418 476 1507 diant,
531 1437 643 1490 aut
695 1420 892 1489 illum
943 1422 1286 1510 ineptum,
1333 1436 1456 1489 aut
1503 1421 1894 1490 Graeculum
1942 1436 2178 1510 putent
2226 1438 2371 1513 (92
2405 1434 2475 1509 ),
2528 1438 2641 1489 aut
2684 1474 2707 1508 ‚
2754 1424 3004 1493 etiamst
3057 1424 3253 1495 valde

245 1518 532 1605 probent
581 1523 932 1611 ingenium
979 1524 1255 1591 oratoris
1291 1576 1314 1611 ‚
1381 1521 1770 1612 sapientiam
1825 1523 2243 1593 admirentur
2276 1576 2300 1609 ,
2370 1521 2434 1589 se
2505 1524 2629 1591 effe
2678 1523 2911 1593 stultos
2981 1524 3255 1597 moleste

245 1620 518 1689 ferantz·
561 1622 666 1691 sed
723 1624 811 1691 ita
861 1640 1168 1715 peragrat
1215 1646 1328 1714 per
1379 1627 1638 1693 animos
1687 1626 2086 1712 hominum,
2140 1624 2233 1693 ita
2288 1623 2513 1691 sensus
2560 1624 2949 1716 mentesque
2998 1645 3251 1715 pertra-

243 1722 426 1809 «stat,
476 1741 740 1797 utnon
790 1726 1102 1796 desideret
1154 1725 1696 1816 philosophorum
1761 1727 2237 1818 descriptiones
2271 1780 2293 1813 ‚
2364 1746 2579 1816 neque
2624 1730 2971 1815 exquirat,
3010 1730 3250 1795 oratio·

245 1841 380 1906 ne,
433 1824 775 1895 summum
825 1828 994 1894 illud
1045 1828 1299 1895 bonum
1349 1831 1422 1893 in
1473 1830 1788 1895 animone
1839 1828 1914 1894 fit
1959 1882 1978 1913 ‚
2028 1850 2112 1895 an
2164 1830 2235 1895 in
2288 1848 2604 1919 corpore3
2658 1829 2941 1914 virtute,
2990 1849 3076 1895 an
3130 1850 3245 1897 vo-

244 1921 506 2011 luptate
555 1922 956 2013 definiatur-3
1009 1946 1096 1991 an
1147 1926 1282 1992 haec
1335 1928 1500 2013 inter
1555 1926 1616 1993 se
1669 1931 1857 2015 jungi
1909 1931 2349 2018 copularique
2402 1925 2629 2015 poffint
2673 1957 2695 2017 ,-
2752 1949 2838 1999 an
2894 1948 3054 1998 vero
3094 1982 3115 2017 ,
3166 1946 3247 1999 ut

245 2021 644 2111 quibusdam
703 2025 919 2095 visum
961 2079 985 2113 ,
1053 2026 1223 2095 nihil
1281 2044 1536 2094 certum
1590 2025 1732 2093 sciri
1773 2056 1796 2111 ·,
1845 2028 2009 2093 nihil
2063 2026 2257 2114 plane
2306 2028 2611 2117 cognosci
2666 2031 2736 2097 δε
2794 2032 3045 2119 percipi
3103 2028 3248 2117 pos-

243 2124 362 2191 fit:
419 2146 706 2214 quarum
759 2148 986 2195 rerum
1041 2128 1256 2194 fateor
1324 2146 1646 2215 magnam
1685 2178 1707 2213 ‚
1774 2128 2368 2219 multiplicemque
2422 2128 2545 2194 effe
2616 2126 3031 2215 disciplinam
3078 2184 3099 2215 ,
3166 2134 3250 2199 ὄσ

242 2225 498 2295 multas
537 2278 558 2313 ,
623 2228 910 2314 copiosas
952 2280 975 2315 ,
1043 2227 1390 2318 variasque
1441 2229 1729 2295 rationes
1767 2274 1786 2293 .
1861 2229 2004 2311 Sed,
2041 2229 2221 2296 aliud
2272 2224 2587 2321 quiddam
2626 2279 2646 2313 ‚
2721 2228 2920 2317 longe
2991 2230 3167 2296 aliud
3224 2282 3249 2317 ‚
3340 2222 3359 2239 ⁶

243 2328 510 2413 Crasse,
561 2331 948 2417 quaerimus:
1003 2346 1198 2395 acuto
1247 2329 1516 2397 homine
1565 2327 1936 2415 nobisopus
1983 2328 2124 2415 est,
2175 2333 2249 2401 &
2308 2346 2587 2415 natura,
2638 2325 2895 2419 usuque
2945 2328 3245 2415 callido,

239 2427 358 2516 qui
413 2429 732 2517 sagaciter
777 2428 1217 2520 pervestiget,
1263 2429 1424 2521 quid
1477 2429 1806 2507 sui,cives
1846 2481 1867 2512 ,
1916 2429 2088 2518 iique
2140 2432 2441 2498 homines
2484 2484 2505 2517 ,
2568 2426 2802 2519 quibus
2854 2430 3099 2520 aliquid
3148 2431 3245 2499 di-

243 2530 460 2597 cendo
515 2532 898 2620 persuadere
943 2531 1148 2618 velit,
1197 2535 1539 2621 cogitent,
1587 2532 1915 2615 sentiant3
1965 2533 2358 2619 opinentur,
2408 2530 2788 2620 expectent.

343 2634 499 2699 Lu.
562 2630 818 2701 Teneat
870 2649 1118 2721 oportet
1173 2655 1382 2701 venas
1431 2632 1752 2723 cujusque
1803 2632 2062 2720 generis
2103 2685 2124 2720 ‚
2174 2634 2423 2721 aetatis,
2470 2632 2781 2719 ordinis;
2834 2630 2905 2699 δε
2962 2650 3244 2719 eorum,

242 2734 418 2820 apud
469 2755 636 2823 ‘quos
691 2729 945 2825 aliquid
1021 2750 1172 2823 aget
1224 2788 1245 2821 ,
1320 2752 1433 2803 aut
1483 2735 1603 2801 erit
1675 2732 1946 2802 aeturus
1982 2786 2006 2822 ,
2073 2752 2333 2803 mentes
2373 2785 2397 2821 ‚
2464 2730 2819 2823 sensusque
2886 2733 3182 2823 degustet
3220 2782 3241 2799 .

239 2835 790 2923 Philosophorum
845 2854 1066 2904 autem
1118 2834 1321 2904 libros
1369 2836 1652 2904 reservet
1705 2832 1816 2901 fibi
1871 2835 1952 2900 ad
2001 2834 2459 2935 hujuscemodi
2514 2834 2890 2903 Tusculani
2944 2836 3241 2925 requiem

241 2951 442 3023 atque
489 2940 743 3023 otium,
794 2959 908 3020 ne,
973 2939 1018 3004 si
1073 2938 1342 3025 quando
1407 2942 1468 3004 ei
1522 2936 1876 3003 dicendum
1944 2941 2070 3004 erit
2128 2940 2213 3005 de
2284 2936 2518 3017 justitia
2573 2939 2644 3006 &
2720 2935 2851 3003 fide
2888 2987 2911 3019 ,
2978 2952 3243 3003 mutue-

239 3050 352 3098 tur
405 3055 444 3099 a
498 3037 780 3103 Platone
823 3062 846 3119 ς
921 3038 1096 3125 qui,
1163 3061 1322 3105 cum
1391 3040 1526 3104 hate
1595 3037 2036 3124 exprimenda
2099 3036 2313 3107 verbis
2385 3036 2815 3109 arbitraretur
2869 3088 2892 3123 ,
2983 3056 3241 3104 novam

242 3132 587 3220 quandam
638 3134 840 3204 finxit
891 3135 958 3200 in
1013 3134 1196 3201 libris
1245 3140 1584 3206 civitatem
1622 3166 1642 3204 ι
1710 3138 1916 3228 usque
1969 3163 2048 3206 eo
2093 3140 2211 3208 illa
2248 3191 2271 3221 ,
2337 3163 2483 3229 quae
2533 3136 2807 3207 dicenda
2857 3136 2941 3206 de
2993 3138 3239 3216 justitia

239 3230 556 3321 putabat,
609 3257 646 3302 a
704 3236 846 3302 vita:
899 3232 1410 3318 consuetudine,
1463 3239 1534 3304 δε
1594 3259 1631 3303 a
1683 3241 2030 3303 civitatum
2081 3238 2378 3306 moribus
2432 3238 2910 3304 abhorrebant.

347 3337 543 3419 Quod
598 3337 644 3404 fi
698 3355 779 3402 ea
829 3335 1259 3422 probarentur
1312 3338 1384 3402 in
1437 3339 1737 3422 popum,
1791 3353 1986 3424 atque
2036 3339 2102 3400 in
2156 3333 2533 3402 civitatibus
2571 3387 2593 3420 ‚
2644 3338 2792 3425 quis
2839 3335 2999 3418 tibi,
3044 3335 3239 3401 Cras-

233 3437 356 3523 se,
407 3437 834 3522 conceffiffet,
884 3437 1238 3505 clariffimo
1289 3438 1436 3506 viro
1475 3489 1498 3520 ,
1566 3440 1636 3506 &
1694 3435 2087 3524 amplissimo
2141 3433 2413 3523 principi
2462 3436 2792 3518 civitam,
2840 3449 2917 3499 ut
2968 3434 3086 3501 illa
3138 3434 3245 3500 di-

234 3560 428 3608 ceres
480 3541 548 3606 in
602 3542 902 3606 maxima
948 3541 1266 3606 concione
1318 3557 1588 3605 tuorum
1635 3538 1892 3608 civium
1933 3589 1954 3622 ‚
2009 3558 2153 3624 quae
2202 3533 2419 3601 dixisti
2456 3535 2495 3598 ἕ
2564 3539 2811 3625 Eripite
2864 3555 2977 3600 nos
3034 3545 3061 3622 (
3088 3547 3237 3622 93)

235 3665 316 3708 ex
378 3637 714 3725 miseriis,
765 3647 990 3726 eripite
1044 3661 1154 3706 nos
1207 3661 1282 3706 ex
1327 3641 1643 3730 faucibus
1693 3660 1962 3723 eorum,
2009 3658 2277 3722 quorum
2324 3637 2681 3703 crudelitas
2734 3633 2933 3716 nostro
2968 3636 3239 3723 sangui·

233 3767 314 3812 ne
371 3763 492 3806 non
537 3739 728 3827 potest
779 3739 1062 3826 expleri.-
1119 3742 1312 3808 nolite
1353 3738 1560 3822 stnere
1613 3761 1724 3805 nos
1778 3748 2085 3825 cuiquam
2117 3735 2421 3823 servi-re,
2470 3733 2590 3820 nifi
2638 3737 2827 3803 vobis
2874 3735 3241 3824 univerfis‚

235 3843 480 3932 quibus
535 3843 624 3913 ds*
663 3837 979 3930 poffumus
1030 3841 1114 3914 dy*
1167 3841 1506 3908 debemus.
1559 3842 1820 3906 Omitto
1868 3838 2208 3926 rauserias,
2257 3838 2325 3904 in
2376 3838 2617 3928 quibus
2657 3893 2677 3925 ,
2727 3855 2801 3906 ut
2852 3837 2953 3906 illi
3006 3839 3239 3924 ajunt,

242 3949 347 4014 vir
408 3943 600 4012 fortis
647 3943 770 4010 effe
817 3965 952 4012 non
1002 3939 1251 4034 potest.-
1303 3943 1544 4008 omitto
1578 3946 1818 4031 fauces
1857 3993 1878 4028 ,
1925 3961 2009 4007 ex
2067 3936 2305 4029 quibus
2355 3954 2419 4006 te
2468 3942 2626 4029 eripi
2680 3943 2781 4018 vis
2819 3995 2843 4028 ‚
2912 3961 2999 4008 ne
3068 3941 3239 4019 iudi-

2119 4043 2160 4105 S
2273 4063 2311 4106 a
3028 4045 3131 4114 cio

223 4243 3245 4288 ω

225 4289 3239 4314 W

235 4409 316 4470 bis
357 4409 642 4471 fecerunt.
681 4409 858 4470 Simili
897 4409 1068 4468 modo
1102 4409 1316 4468 Iocutus
1363 4409 1441 4467 est
1479 4410 1688 4469 Cicero
1790 4433 1860 4470 ex
1896 4411 2148 4468 oratione
2184 4408 2443 4482 quadam,
2478 4429 2633 4484 quam
2668 4411 2886 4474 Crass‘ue
2934 4415 3097 4488 paulo
3130 4433 3233 4472 an-

229 4481 294 4540 in
333 4486 511 4544 Orat.
549 4502 658 4554 pro
674 4484 929 4542 Milone.-
969 4487 1123 4538 Fecit
1154 4487 1375 4548 iratus,
1410 4481 1542 4549 fecit
1579 4487 1690 4539 ini-
1791 4503 1844 4540 te
1873 4481 1936 4539 ad
1969 4483 2231 4556 populum
2262 4479 2545 4543 habueram
2584 4501 2681 4556 qua
2718 4484 3076 4546 vehementer
3101 4506 3239 4543 con.

232 4561 414 4613 me‘cm
455 4597 470 4620 ,
523 4555 656 4623 fecit
692 4557 846 4612 ultor
893 4559 1109 4626 injuria
1150 4596 1167 4620 ,
1211 4559 1450 4628 punitor
1489 4555 1688 4611 doloris
1827 4555 2109 4612 uerebatur
2145 4553 2216 4612 de
2248 4553 2511 4627 equitibus
2528 4558 2819 4624 Romanis,
2856 4558 2949 4632 qui
2985 4579 3107 4618 cum
3140 4561 3233 4627 ju-

221 4625 349 4697 sm'.
391 4627 649 4688 parcius
673 4667 690 4682 .
1789 4577 1936 4685 ἓίςίει
1976 4625 2335 4699 impotentius
2369 4631 2423 4682 δε
2465 4625 2701 4699 iniquius
2718 4649 3074 4694 exercerent,
3112 4646 3234 4686 tum

255 4725 262 4730 ·
307 4707 428 4772 (9²-
455 4705 486 4761 )
523 4707 785 4770 Ineptum
814 4703 872 4755 Gt
907 4697 1258 4763 Graeculum)
1295 4701 1382 4758 Ita
1399 4696 1690 4770 legendum
1793 4719 1932 4758 vero
1979 4698 2218 4756 senatum
2260 4697 2621 4756 vehementer
2661 4702 2927 4760 vexabant
2962 4742 2977 4758 .
3014 4699 3229 4758 Craflus

230 4775 444 4829 censeo
479 4793 500 4824 .·
553 4773 609 4824 δε
665 4770 736 4826 ita
777 4768 832 4826 in
872 4769 1030 4828 Tusc.
1067 4768 1230 4843 Disp.
1283 4771 1380 4828 lib.
1427 4791 1474 4827 r.
1513 4791 1558 4828 c.
1597 4787 1690 4846 35.
1791 4771 2004 4842 igitur,
2064 4772 2155 4843 qui
2198 4767 2503 4828 senatorum
2538 4789 2715 4846 partes
2766 4778 2823 4830 δε
2872 4769 3074 4829 caulim
3113 4787 3233 4825 tue-

231 4842 499 4974 ffibemus
526 4881 550 4908 ,
602 4844 851 4915 ineptum
873 4839 1014 4912 sanc
1049 4847 1328 4913 negor-ium
1365 4848 1419 4900 δε
1457 4843 1690 4902 Gracul.
1791 4844 1972 4910 batur,
2007 4845 2092 4987 ᾗ
2121 4841 2489 4916 alloquebatur
2517 4847 2817 4918 populum:
2856 4845 3065 4915 Eripite
3098 4858 3233 4906 nos,

265 4929 270 4938 ’
307 4935 437 4974 em.
1042 4943 1056 4950 -
1789 4921 1897 4975 διε.
1934 4925 2006 4974 Pr
2093 4935 2222 4973 eus.

311 4991 482 5063 (93)
517 4989 728 5060 Eripite
759 5005 852 5042 nos
883 4993 913 5052 )
964 4985 1144 5046 Verba
1197 4983 1324 5044 suut
1363 4985 1687 5060 deprompta
