4359 6321
788 474 1409 581 LIBER
1532 439 2488 577 TERTIUS.
2868 510 3044 617 35⁷

176 621 425 699 tioneS,
470 606 543 678 iu
595 606 830 700 quibus
878 606 959 673 de
1010 605 1321 673 universo
1377 620 1617 691 genere
1672 603 1741 667 in
1791 619 2143 693 utramque
2197 624 2448 692 partem
2497 603 2702 674 differi
2755 607 3016 693 copiose
3088 609 3166 676 li.

172 736 307 787 cet:
358 735 505 804 quae
562 709 947 779 exercitatio
998 728 1178 773 nunc
1234 706 1489 795 propria
1539 702 1823 769 duarum
1874 703 2438 795 philosophiarum
2487 719 2735 797 (5³),
2787 707 2869 774 de
2919 703 3159 795 quibus

166 834 313 887 ante
368 815 507 881 dixi
550 866 571 899 ‚
636 808 905 903 putatur
942 832 965 873 .·
1040 806 1215 897 apud
1265 808 1567 895 antiquos
1618 820 1756 871 erat
1810 824 2041 873 eorum
2080 858 2099 890 ,
2172 827 2212 873 a
2266 806 2502 897 quibus
2553 810 2767 877 omnis
2837 806 2918 873 de
2970 804 3162 873 rebus

166 916 527 987 forensibus
579 912 846 983 dicendi
899 910 1067 979 ratio
1139 910 1212 978 δε
1288 909 1473 994 copia
1542 904 1875 994 petebatur
1914 952 1931 971 .
1987 906 2089 972 De
2146 908 2390 975 virtute
2441 914 2620 977 enim
2658 964 2679 998 ,
2747 911 2830 978 de
2880 907 3092 975 officio
3145 959 3166 992 ,

164 1018 244 1088 de
292 1039 488 1107 aequo
540 1018 611 1083 &
670 1016 883 1097 bono,
930 1012 1010 1079 de
1061 1010 1421 1099 dignitate,
1469 1008 1759 1092 honore,
1808 1006 2134 1090 utilitate,
2190 1008 2556 1094 ignominia
2595 1063 2616 1094 ,
2670 1013 2974 1097 praeini0,
3025 1030 3164 1095 poe·

163 1142 285 1206 na,
338 1115 796 1207 similibusque
848 1113 927 1181 de
976 1111 1167 1179 rebus
1208 1164 1229 1196 ‚
1295 1110 1365 1175 in
1416 1124 1765 1195 utramque
1813 1123 2069 1195 partem
2119 1104 2373 1173 dicendi
2455 1110 2709 1177 animos
2769 1114 2835 1179 &
2901 1110 3038 1176 vim
3089 1112 3169 1179 &⁶

164 1240 381 1289 artem.
430 1218 671 1287 habere
723 1214 1075 1283 debemus.
1133 1211 1301 1297 Sed,
1349 1203 1663 1298 quoniani
1716 1208 1798 1275 de
1854 1210 2069 1279 nostra
2118 1207 2478 1294 poffeffione
2525 1208 2774 1298 depulli
2826 1262 2844 1294 ‚
2899 1210 2968 1273 in
3021 1228 3164 1293 par-

164 1345 288 1407 VO,
336 1324 417 1392 &
474 1342 555 1386 eo
605 1315 941 1409 litigioso,
985 1312 1289 1404 praediolo
1338 1309 1546 1378 relicti
1618 1308 1843 1377 sumus
1883 1361 1904 1394 ‚
1951 1312 2021 1379 &
2084 1309 2372 1376 aliorum
2425 1312 2683 1396 patroni
2724 1362 2746 1395 ‚
2815 1306 3024 1374 nostra
3075 1320 3172 1372 te·

172 1444 325 1489 nere
366 1474 391 1507 ‚
441 1421 744 1509 tuerique
800 1439 935 1483 non
986 1413 1319 1504 potuimus
1364 1435 1381 1476 ι
1452 1411 1535 1479 ab
1585 1410 1663 1477 iis
1699 1462 1723 1495 ,
1794 1420 1819 1496 (
1876 1410 2057 1499 quod
2106 1410 2630 1496 indigniffimutn
2679 1408 2772 1479 est
2828 1421 2853 1497 )
2927 1406 3043 1497 qui
3094 1407 3163 1473 in

174 1523 475 1591 nostrum
524 1520 999 1608 patrimonium
1050 1518 1427 1603 irruperunt
1464 1563 1487 1598 ‚
1536 1514 1715 1602 quod
1767 1532 1933 1596 opus
1986 1506 2077 1579 est
2128 1506 2309 1575 nobis
2365 1526 2791 1579 mutuemur.

276 1624 607 1691 XXVIII.
662 1624 909 1689 Dicunt
960 1620 1165 1707 igitur
1220 1638 1398 1683 nunc
1452 1614 1725 1703 quidem
1782 1611 1941 1697 illi,
2018 1610 2131 1699 qui
2203 1628 2286 1675 ex
2343 1609 2666 1697 particula
2719 1626 2920 1696 parva
2977 1608 3158 1677 urbis

182 1733 387 1811 (53)
466 1744 541 1788 ac
592 1723 721 1790 loci
762 1775 780 1805 ,
834 1740 1076 1787 nomen
1126 1716 1371 1784 habent
1408 1768 1433 1799 ‚
1510 1716 1579 1783 ὅ(
1654 1710 2055 1801 peripatetici
2138 1707 2546 1797 philosophi,
2604 1726 2720 1774 aut
2776 1708 3170 1775 Academici

186 1824 662 1912 nominantur3
713 1824 879 1890 olim
932 1834 1153 1887 autem
1200 1870 1221 1902 ,
1290 1830 1550 1903 propter
1602 1814 1927 1883 eximiam
1980 1831 2208 1878 rerum
2283 1812 2738 1879 maximarum
2791 1806 3174 1892 scientiam,

180 1940 219 1989 a
274 1926 520 1990 Graecis
592 1923 839 2011 politici
906 1917 1271 2008 philosophi
1344 1913 1647 2002 appellati
1689 1966 1707 1999 ,
1756 1911 2226 1981 universarum
2301 1932 2534 1979 rerum
2589 1909 3000 1998 publicarum
3055 1930 3176 1974 no-

177 2028 366 2088 mine
420 2022 886 2107 vocabantur3
954 2038 1229 2085 omnem
1300 2016 1573 2083 civilem
1641 2016 2007 2082 orationem
2078 2012 2145 2079 in
2218 2012 2496 2079 horum-—
2537 2013 2864 2093 alterutro
2931 2028 3171 2097 genere

178 2122 475 2207 versari,
524 2139 637 2189 aut
689 2122 963 2188 definita
986 2116 1437 2187 controversia
1491 2119 1689 2183 certis
1744 2112 2143 2201 temporibus
2200 2131 2279 2177 ac
2329 2112 2504 2196 κείς,
2551 2112 2680 2179 hoc
2734 2109 2976 2195 mod0,
3028 2108 3178 2172 Pla-

178 2239 413 2290 ceatne
489 2244 525 2287 a
579 2217 1234 2313 Carthaginensibus).
1284 2216 1583 2305 captivos
1656 2214 1899 2281 nostros
1940 2266 1959 2299 ,
2034 2210 2305 2277 redditis
2361 2210 2488 2280 suis
2533 2264 2554 2296 ‚
2606 2209 3012 2301 recuperari:
3067 2218 3182 2273 aut

178 2322 441 2390 infinite
492 2322 575 2389 de
628 2322 941 2389 universo
991 2342 1242 2410 genere
1291 2317 1688 2408 quaerentiS,
1744 2314 1929 2399 Quid
1983 2312 2258 2379 omnino
2307 2311 2386 2379 de
2443 2313 2710 2399 captivo
2761 2306 3186 2379 statuendum

177 2444 257 2491 ac
318 2422 737 2492 sentizndurn
794 2424 869 2490 sit
908 2470 923 2489 .
977 2431 1195 2511 Atque
1242 2419 1489 2487 horum
1544 2416 1838 2502 superius
1914 2411 2078 2484 illud
2130 2434 2340 2499 genus
2383 2464 2403 2495 ,
2455 2414 2727 2481 causam
2763 2462 2788 2495 ‚
2861 2426 2976 2475 ant
3026 2426 3184 2474 con·

174 2526 575 2591 troverliam
630 2526 1008 2614 appellant,
1058 2541 1341 2610 eamque
1390 2518 1641 2601 tribuS,
1698 2517 1849 2599 lite,
1902 2532 2013 2579 aut
2064 2512 2532 2581 deliberatione
2575 2564 2597 2597 ‚
2672 2526 2784 2575 aut
2857 2507 3184 2576 laudatio-

171 2650 261 2695 ne
334 2625 726 2694 definiunt:
797 2628 931 2693 haec
1008 2641 1229 2691 autem
1302 2620 1509 2687 altera
1565 2618 1822 2706 quaestio
1875 2614 2183 2696 infinita,
2241 2614 2310 2679 &
2369 2611 2548 2699 quali
2601 2609 2966 2699 proposita,
3021 2626 3178 2672 con-

168 2727 457 2795 sultatio
510 2729 937 2793 nominatur.
993 2732 1215 2812 Atque
1266 2720 1599 2789 hactenus
1654 2721 2063 2804 loquuntur.

295 2828 531 2893 Etiam
582 2826 705 2894 hac
762 2839 911 2912 (54
951 2818 1425 2911 )·instituendo
1473 2818 1792 2883 divisione
1851 2831 2171 2895 utuntur,
2227 2810 2331 2877 sed
2381 2812 2517 2896 ita,
2571 2830 2701 2879 nori
2741 2826 2816 2877 ut
2869 2812 3016 2891 jure
3065 2822 3181 2873 aut

192 2931 497 3013 judicio,
548 2933 693 3015 (⁴¹)
766 2944 843 2993 ut
892 2923 1178 3013 denique
1229 2938 1615 3006 recuperare
1685 2918 1978 2982 amissam
2050 2913 2487 3001 poffeffionem
2532 2965 2552 2998 ,
2593 2914 2718 2981 ,sed
2773 2930 2850 2979 ut
2897 2934 2976 2977 ex
3033 2909 3186 2986 jure

182 3032 371 3098 civili
419 3083 441 3115 ‚
514 3028 777 3097 surculo
830 3025 1267 3113 defringendo
1312 3040 1458 3111 (ες
1495 3033 1520 3109 )
1564 3072 1583 3104 ‚
1634 3017 1947 3107 usurpare
2002 3016 2386 3083 videantur.
2441 3019 2622 3083 Nam
2675 3015 2840 3083 illud
2893 3011 3180 3077 alterum

398 3134 575 3194 Tom.
626 3137 681 3195 Ι.
1116 3197 1123 3204 ,
2192 3116 2254 3179 K
2308 3114 2358 3182 k
2971 3131 3082 3199 ge.

263 3406 292 3465 (
334 3421 402 3470 52.
445 3407 470 3464 )
528 3411 682 3456 Nunc
727 3402 943 3471 propria
996 3396 1235 3451 duarum
1284 3387 1646 3463 philosoph.)

188 3474 469 3546 Qialnani
510 3468 809 3540 lignificct,
850 3470 1069 3538 planum
1108 3469 1183 3521 est
1222 3471 1275 3520 ὅ(
1314 3465 1503 3519 facile:
1548 3465 1649 3517 Pe-

189 3545 521 3614 tipateti'cos
558 3561 701 3598 enini
741 3547 794 3598 &
818 3539 1167 3596 Academicos
1206 3536 1427 3590 innuit.
1462 3531 1644 3588 Idem.

261 3621 290 3678 (
315 3619 429 3688 53)
473 3615 767 3670 Particula
802 3624 989 3684 parva
1026 3609 1222 3667 urbes)
1260 3612 1303 3663 E
1326 3608 1505 3674 Lyceo
1544 3600 1651 3661 sci-

184 3685 322 3744 licet
366 3727 383 3751 ,
448 3686 593 3756 quod
632 3682 1019 3754 gyitiiialiuiir,
1076 3679 1316 3734 Athenis
1355 3675 1649 3732 celeberri-

186 3777 343 3816 mum
368 3799 387 3824 ,
422 3755 701 3813 dicebatur
736 3773 953 3825 quoque
976 3751 1127 3814 “inei
1146 3774 1311 3821 vrum
1332 3790 1347 3812 ‚
1386 3747 1649 3803 obambu-

184 3831 335 3888 latio
373 3871 390 3895 ‚
432 3827 581 3900 quod
622 3827 767 3882 inter
806 3825 1254 3878 deambulandum
1297 3819 1426 3876 inde
1467 3817 1649 3874 nomi-

181 3902 305 3964 nati
366 3899 715 3970 Peripatetici
774 3893 1313 3968 philosopharentur
1350 3933 1366 3946 .
1440 3885 1649 3946 Acade-

182 3974 335 4036 mia,
378 3969 715 4041 gymnasium
753 3965 897 4044 aliud
938 3964 1175 4024 Athenis
1204 4006 1217 4028 ‚
1270 3963 1331 4018 ab
1376 3961 1647 4018 Academo

183 4041 535 4102 Atheniensi
578 4061 799 4098 nomen·
825 4037 1068 4094 habuisse
1124 4034 1286 4093 tradit
1326 4030 1645 4093 Plutarchus

184 4117 245 4174 in
283 4114 551 4172 These0.
590 4113 874 4182 Prusteus.

258 4193 426 4260 (54)
494 4191 687 4260 Atque
742 4184 1002 4238 furientes
1063 4182 1371 4258 loquuntur
1403 4216 1418 4231 .
1456 4177 1647 4231 Etiam

184 4259 339 4326 hac)
379 4256 657 4322 Omitto,
700 4257 1036 4328 loquuntur:
1081 4273 1137 4307 tit
1180 4248 1359 4306 sensus
1397 4246 1497 4310 fit,
1540 4253 1652 4301 At-

182 4352 286 4407 que
324 4333 607 4391 baaz-nus
648 4347 819 4384 etiam
861 4329 965 4381 hac
1007 4321 1338 4392 instituendo
1376 4315 1651 4390 divtssone

182 4420 463 4470 utuntur,
522 4399 727 4456 scilicet
769 4397 1047 4457 i‘hsiores,
1086 4395 1183 4450 etli
1226 4408 1489 4447 incorum
1522 4407 1659 4458 pro-

186 4477 425 4536 vinciam
476 4471 797 4529 invaserint
838 4464 1198 4540 philosophi.
1239 4473 1533 4519 Muretus.

252 4553 373 4615 (⁴¹)
412 4557 511 4607 Ut
548 4545 828 4620 denique)
866 4540 1048 4600 Lamb.
1082 4556 1284 4606 autum
1317 4535 1547 4607 denique
1576 4549 1660 4586 re·

197 4631 451 4693 cuperare
468 4661 499 4678 -

264 4699 432 4765 (ςς)
474 4688 707 4756 surculo
746 4685 1125 4754 defringendo)
1178 4683 1257 4740 Ita
1297 4669 1663 4798 philosoph0{
1768 4741 1805 4796 t·
1920 4758 1937 4795 t

1604 4764 1637 4799 u
1798 4760 1910 4810 igan
1944 4758 1995 4795 es

1394 4837 1565 4888 neque
1607 4817 1667 4870 in
1769 4813 1895 4870 dum
1953 4828 2129 4867 totuin
2181 4804 2538 4860 obtinuerunt
2577 4823 2596 4862 ς
2666 4798 2734 4856 fic
2791 4792 3160 4870 philosophos
3195 4828 3216 4854 ,

200 4763 329 4824 illos
372 4766 441 4820 de
486 4755 773 4818 rhetorica
814 4757 1023 4812 tradere
1063 4751 1269 4826 aliquid
1326 4748 1483 4806 docet
1522 4787 1537 4810 ‚

200 4858 319 4894 non
362 4833 459 4890 sibi
520 4849 737 4899 petitum
796 4827 941 4884 'illam
1001 4829 1287 4886 vindicent
1322 4863 1335 4886 ,

201 4926 321 4964 eam
376 4919 632 4972 tanquam
686 4895 1067 4968 possessionem
1122 4917 1303 4952 manus
1360 4892 1610 4962 injiciant
1654 4927 1671 4950 ,

204 4977 304 5036 scd
344 4971 413 5030 de
451 4993 509 5028 ea
549 4973 845 5027 etiamnum
885 4968 1287 5026 contendentes
1352 4959 1666 5033 imaginaria

204 5047 603 5106 viindcatione
641 5041 903 5112 usurpent
952 5040 1007 5095 in
1050 5041 1241 5110 exigua
1280 5037 1451 5108 aliqua
1488 5047 1672 5104 parte.

1750 3405 1868 3442 tore
1909 3383 1963 3438 in
2007 3401 2119 3436 rem
2156 3377 2484 3450 praesentem
2523 3379 2777 3432 ducebat:
2820 3373 2963 3428 unde
2995 3373 3196 3426 adaer-

1751 3457 1943 3511 sarium
1982 3471 2139 3506 manu
2192 3448 2543 3518 prehendens
2568 3489 2584 3510 ‚
2641 3465 2751 3500 rem
2787 3487 2798 3508 ,
2841 3443 2907 3497 de
2943 3453 3041 3513 qua
3081 3461 3194 3500 erat

1751 3523 2075 3587 contentio,
2116 3519 2210 3576 sibi
2251 3518 2590 3581 vindicabats
2630 3516 2774 3589 quod
2805 3532 3044 3570 manum.
3073 3532 3202 3569 con-

1738 3597 1915 3670 serere
1952 3594 2327 3664 appellabant.
2369 3591 2708 3660 Posseaquam
2767 3605 2898 3642 vei-0
2933 3602 3202 3656 propaga-

1755 3671 1817 3726 tis
1860 3665 2031 3726 Italire
2070 3661 2318 3726 finibus'‚
2373 3681 2630 3732 praetores
2672 3656 2902 3728 negotiis
2954 3653 3203 3724 occupati

1754 3731 2023 3811 proficisci
2084 3736 2149 3790 ad
2191 3734 2510 3804 longinquas
2567 3752 2646 3786 res
2687 3727 3077 3800 gravabantur,
3117 3725 3206 3785 iu..

1753 3812 1999 3867 stitutum
2038 3807 2115 3861 est
2168 3823 2228 3861 ut
2277 3807 2547 3874 litigantes
2587 3823 2700 3858 nou
2763 3800 2902 3872 apud
2943 3813 3204 3868 praetoiet

1752 3887 1968 3937 manuni
2008 3874 2394 3939 consererent,
2435 3873 2526 3929 sed
2573 3897 2640 3933 ex
2675 3888 2793 3941 jure
2835 3911 2849 3933 ,
2889 3869 2944 3924 id
2975 3866 3092 3933 cst,
3133 3886 3202 3924 ex

1750 3971 1817 4008 eo
1858 3945 1976 4006 loco
2014 3949 2099 4005 nbi
2136 3953 2218 4019 jus
2275 3946 2594 4002 redde-bitui-
2640 3989 2655 4012 ‚
2706 3962 2938 3998 manum
3001 3936 3206 4002 conser-

1751 4041 1877 4081 tum
1916 4039 2210 4084 vocarent,
2272 4019 2325 4074 id
2366 4019 2441 4074 est
2481 4017 2614 4072 alter
2665 4057 2678 4080 ‚
2726 4017 2956 4070 alterum
2993 4008 3058 4066 ad
3095 4027 3205 4066 ma-

1752 4115 1883 4152 nuni
1938 4090 2327 4150 conserendam
2383 4109 2435 4144 in
2481 4107 2594 4144 reni
2650 4086 2716 4140 de
2771 4103 2868 4156 qua
2905 4099 3148 4153 ageretur
3185 4119 3206 4146 ,

1754 4185 2023 4229 vocarem
2086 4181 2256 4235 atque,
2297 4159 2526 4234 profecti
2585 4156 2738 4213 simul
2799 4159 2856 4210 in
2912 4171 3094 4223 agrum
3138 4149 3206 4208 de

1751 4255 1860 4310 quo
1920 4236 2224 4306 litigabitur
2277 4275 2292 4298 ,
2339 4251 2498 4289 terrae
2555 4228 2758 4300 aliquid
2811 4245 2876 4284 ex
2933 4245 3002 4281 eo
3055 4265 3073 4290 ,
3127 4219 3212 4279 uti

1752 4329 1911 4366 unam
1950 4307 2155 4378 glebam
2191 4347 2206 4370 ,
2271 4306 2327 4359 in
2364 4307 2448 4372 jus
2489 4322 2546 4358 in
2583 4303 2764 4356 urbem
2807 4297 2870 4354 ad
2911 4311 3209 4366 praetoi·em

1760 4380 2034 4437 deferrent
2084 4419 2097 4441 ,
2147 4383 2202 4432 ὅ(
2257 4377 2312 4430 in
2352 4395 2407 4429 ea
2447 4374 2591 4440 gleba
2625 4413 2640 4435 ,
2698 4388 2942 4438 tanquam
2987 4387 3042 4422 in
3084 4383 3209 4424 toto

1762 4473 1889 4523 agro
1916 4494 1930 4513 ,
1974 4449 2357 4505 vindicarent.
2397 4445 2808 4514 Nonnunquam
2847 4446 2898 4495 δ(
2943 4436 3210 4495 surculum

1764 4544 1829 4580 ex
1882 4521 2067 4579 arbore
2123 4516 2414 4574 defractum
2476 4513 2712 4570 fcrebznt
2748 4553 2761 4568 .
2821 4511 2990 4568 Multa
3044 4509 3109 4566 de
3147 4527 3214 4563 eo

1764 4615 1873 4653 ritu
1917 4590 2224 4650 Brissonius
2265 4589 2320 4644 iii
2365 4587 2622 4644 i-'ormulis
2663 4625 2676 4638 .
2736 4587 2920 4654 Itaque
2961 4579 3214 4638 limilitu-

1765 4667 1837 4724 do
1876 4662 2245 4724 Ciceroniana
2285 4659 2402 4716 liaec
2443 4659 2518 4714 est
2559 4699 2574 4713 .
2615 4661 2759 4736 ‘Quo
2816 4655 2898 4710 illi
2942 4653 3104 4710 morlo
3143 4648 3216 4704 li-

2057 4738 2113 4791 in
2168 4741 2320 4804 'pai-te
2373 4751 2484 4802 agri
2539 4749 2725 4799 exigua
2779 4724 2995 4782 hiel-ent
3037 4766 3052 4789 ,
3115 4737 3214 4776 nec

1770 4884 1895 4940 durii
1932 4870 2149 4954 paucula
2196 4877 2434 4948 quaedam
2475 4873 2712 4930 delibant
2767 4889 2832 4924 ex
2877 4867 3162 4944 rhetoricis
3199 4900 3217 4926 ,

1774 4965 1891 5013 non
1938 4966 2177 5010 veterem
2217 4945 2600 5020 possessioncni
2639 4959 2705 4998 cx
2747 4959 2870 4995 toto
2909 4943 3160 5012 ulurpare
3200 4971 3218 4997 ‚

1778 5025 1917 5099 quasi
1954 5021 2300 5098 postliminio
2347 5060 2362 5082 ‚
2422 5015 2513 5072 sed
2552 5011 2861 5084 particulam
2902 5005 3044 5062 illius
3084 5001 3228 5078 quast

208 5121 379 5188 Olim
417 5116 571 5179 enini
607 5115 815 5192 petitor
849 5110 1215 5188 possessorem
1244 5127 1349 5170 una
1380 5125 1499 5168 cum
1536 5117 1679 5179 prae-
1781 5096 1950 5159 adhuc
1988 5096 2183 5152 alienae
2223 5091 2302 5149 rei
2341 5087 2628 5161 arripere.
2671 5082 2970 5138 Praevius.
