4359 6321
1248 502 1433 595 256
1990 495 2079 583 D
2141 496 2222 579 Ε
2345 490 2422 579 C
2481 484 2564 579 L
2627 483 2740 581 ,A
2788 486 2874 578 R
2937 488 2994 576 Ι
3039 486 3112 578 S

1213 624 1337 689 lv,
1390 611 1897 687 Tum-Atticus
1936 662 1961 698 ‚
2028 608 2522 700 Optatissimum
2573 608 2737 677 mihi
2789 607 3060 709 quidem
3105 602 3200 673 est
3245 598 3428 695 quod
3477 598 3701 671 dicis:
3779 598 3892 673 fed
3939 608 4104 698 quid

1054 744 1067 758 ·
1114 722 1392 792 tandem
1442 717 1674 789 habuit
1728 712 2091 798 liberiste,
2146 710 2324 801 quod
2373 711 2488 779 tibi
2541 725 2654 781 aut
2706 728 2964 779 novum
3000 759 3023 798 ,
3069 722 3182 777 aut
3237 720 3423 773 tanto
3473 701 3622 771 usui
3674 703 3874 792 poffet
3921 712 4102 780 effe?

1112 824 1238 893 Ille
1290 841 1447 891 vero
1494 821 1567 890 δι
1625 838 1843 905 nova,
1897 816 2213 907 inquam,
2263 812 2422 880 mihi
2473 812 2741 901 quidem
2793 812 3055 898 multa,
3103 811 3176 880 δι
3231 827 3382 877 eam
3430 805 3794 875 utilitatem
3830 860 3853 897 ‚
3901 832 4108 903 quam

1110 922 1531 1015 requirebam
1570 972 1593 1009 ‚
1662 934 1735 989 ut
1776 972 1799 1008 ‚
1867 915 2210 1005 explicatis
2263 911 2602 982 ordinibus
2645 929 3025 1001 temporum
3075 960 3100 997 ,
3157 914 3304 978 ‘uno
3351 910 3420 975 in
3467 905 3825 996 conspeetu
3878 915 4110 985 omnia

1112 1022 1456 1093 viderem.-
1508 1046 1655 1114 quae
1714 1040 1873 1092 cum
1922 1012 2198 1085 studiose
2245 1015 2527 1085 enitare
2575 1015 2906 1103 eoepiffem
2946 1065 2966 1100 ,
3015 1008 3152 1100 ipsa
3201 1009 3368 1079 mihi
3417 1008 3716 1078 trastatio
3767 1012 4108 1087 literarum

1114 1123 1433 1195 salutaris
1484 1124 1612 1194 fuit
1652 1174 1674 1209 ,
1727 1119 2195 1207 admonuitque
2237 1167 2259 1202 ,
2329 1116 2648 1203 Pomponi
2696 1140 2748 1203 ς·
2795 1130 2870 1183 ut
2919 1135 2959 1182 a
3009 1128 3074 1180 te
3129 1112 3266 1202 ipso
3319 1114 3650 1181 sumerem
3720 1112 3970 1205 aliquid
4024 1120 4108 1187 ad

1111 1246 1233 1298 me
1272 1222 1707 1296 reficiendum
1732 1275 1753 1311 ,
1802 1238 1997 1311 teque
2046 1218 2664 1301 remunerandum,
2721 1213 2768 1283 fi
2813 1236 2953 1284 non
3001 1215 3174 1304 pari,
3235 1228 3302 1280 at
3355 1226 3554 1303 grato
3600 1230 3822 1283 tamen
3877 1240 4110 1289 mune·

1112 1345 1185 1399 re
1222 1350 1254 1389 .·-
1320 1344 1703 1416 quanquam
1774 1322 1941 1391 illud
1995 1314 2378 1389 Hesiodium
2451 1315 2757 1386 laudatur
2825 1337 2865 1384 a
2911 1314 3120 1387 dostis
3159 1366 3181 1404 ‚
3248 1317 3426 1407 quod
3497 1314 3734 1385 eadem
3801 1318 4110 1391 mensura

1111 1424 1383 1497 reddere
1435 1426 1614 1505 iubet
1657 1474 1679 1509 ‚
1728 1443 1860 1512 qua
1912 1418 2284 1507 acceperis,
2335 1432 2448 1497 aut
2495 1420 2696 1487 eriam
2747 1419 3192 1489 cumulatiore
3231 1468 3253 1505 ‚
3307 1417 3354 1485 si
3406 1414 3636 1506 poffis.
3687 1422 3832 1510 Ego
3881 1440 4104 1493 autem

1111 1527 1536 1599 voluntatem
1590 1522 1713 1589 tibi
1761 1518 2056 1608 prestito
2108 1519 2384 1587 emetiar
2419 1540 2442 1581 .-
2503 1518 2608 1589 sed
2659 1541 2803 1589 rem
2855 1520 3064 1611 ipsam
3111 1516 3413 1589 nondum
3463 1520 3628 1606 poffe
3678 1522 3964 1613 videor-3
4013 1525 4108 1592 id-

1110 1648 1241 1717 que
1291 1640 1365 1695 ut
1418 1621 1720 1714 ignoscas
1760 1672 1785 1709 ‚
1832 1644 1873 1689 a
1923 1636 1987 1689 te
2041 1637 2228 1709 peto.
2280 1624 2423 1691 Nec
2473 1620 2656 1688 enim
2703 1642 2787 1690 ex
2843 1623 3038 1691 novis
3113 1632 3239 1709 (ut
3292 1619 3598 1711 agricolae
3650 1621 4106 1715 {olentyfru-

1111 1725 1329 1797 itibus
1380 1724 1519 1811 est,
1573 1721 1752 1792 unde
1801 1721 1915 1791 tibi
1966 1721 2246 1791 reddam
2297 1719 2480 1811 quod
2533 1726 2796 1811 accepi:
2857 1722 2944 1791 fic
2997 1722 3215 1792 omnis
3267 1722 3474 1791 foetus
3527 1724 3839 1811 repressus
3879 1777 3912 1813 ,
3945 1746 4109 1795 exu-

1111 1824 1382 1918 stusque,
1433 1824 1531 1892 siti
1584 1820 1705 1892 flos
1738 1818 2007 1893 'veteris
2052 1821 2384 1900 ubertatis
2425 1825 2722 1892 exaruitz
2775 1844 2898 1893 nee
2952 1846 3038 1893 ex
3087 1821 3574 1912 conditis,-qui
3629 1825 3846 1902 iacent
3899 1828 3968 1895 in
4016 1841 4105 1895 te-

1114 1927 1379 2014 nebris,
1432 1928 1503 1997 &
1562 1925 1645 1993 ad
1700 1947 1866 2015 quos
1918 1924 2138 1993 omnis
2192 1924 2453 2010 aditus,
2505 1926 2618 2014 qui
2673 1944 2840 2013 pene
2896 1923 3048 1993 solis
3103 1925 3351 2015 patuit,
3399 1924 3768 1997 obstruetus
3815 1924 3944 1999 est.
4001 1932 4110 1997 Se-

1110 2048 1343 2099 remus
1398 2027 1607 2117 igitur
1662 2025 1914 2117 aliquid
1964 2043 2296 2116 tanquam
2360 2025 2429 2092 in
2487 2025 2744 2093 inculto
2797 2027 2870 2096 &
2925 2024 3244 2099 derelit‘h
3297 2023 3508 2116 solo·,
3560 2030 3736 2117 quod
3807 2031 3898 2097 ita
3969 2028 4114 2097 dili-

1111 2146 1349 2220 genter
1402 2128 1709 2196 colemus
1757 2178 1779 2213 ,
1848 2143 1921 2195 ut
1974 2126 2327 2215 impendiis
2375 2127 2584 2195 etiam
2633 2145 2878 2217 augere
2928 2126 3234 2218 poffimus
3283 2127 3660 2218 largitatem
3726 2132 3824 2197 rui
3875 2148 4116 2199 mune·-

1106 2232 1257 2298 ris:-
1304 2227 1503 2299 modo
1555 2228 1733 2298 idem
1784 2228 2001 2297 noster
2056 2230 2338 2298 animus.
2377 2226 2636 2297 efficere
2685 2229 2866 2317 poffit
2905 2281 2930 2317 ,
2981 2230 3159 2321 quod
3211 2248 3370 2321 ager
3407 2277 3430 2317 ,
3479 2230 3592 2321 qui
3639 2250 3826 2303 eum·
3849 2230 4120 2301 multos

1109 2348 1334 2403 annos
1388 2332 1641 2420 quievit
1665 2382 1686 2417 ,
1740 2328 2073 2405 uberiores.
2114 2329 2352 2397 efferre
2406 2328 2640 2421 fruges
2691 2328 2888 2398 solet.

1220 2436 1407 2507 'li-'um
1458 2433 1580 2501 ille
1628 2485 1648 2518 ,
1698 2435 1847 2522 Ego
1898 2451 2057 2501 vero
2110 2432 2184 2501 δι
2240 2427 2632 2519 exspeetabo
2685 2451 2763 2501 ea
2807 2484 2836 2517 ,
2877 2454 3026 2523 quae
3073 2432 3407 2523 polliceris
3447 2486 3470 2521 ,
3521 2450 3734 2525 neque
3777 2434 4060 2521 exigam
4089 2482 4119 2519 ,

1108 2533 1233 2601 nist
1286 2547 1406 2606 tu.0
1456 2532 1817 2607 commodo
1857 2560 1878 2621 3
1930 2535 2004 2603 ὅ(
2060 2547 2260 2603 erunt
2309 2531 2478 2602 mihi
2529 2550 2894 2625 pergrata,
2945 2534 2993 2604 fi
3043 2535 3367 2607 solveris.
3420 2536 3592 2604 Mihi
3640 2554 3903 2627 quoque
3939 2584 3962 2619 ‚
4011 2534 4112 2600 in.-

1111 2633 1253 2723 quit
1308 2632 1561 2697 Brutus
1601 2680 1621 2716 ,
1692 2633 1765 2702 δι
1820 2630 2254 2719 εκΓρεξὶαιιάα
2309 2631 2462 2702 sunt
2513 2654 2589 2703 ea
2630 2691 2653 2723 ,
2721 2657 2864 2725 quae
2918 2638 3148 2707 Attico
3213 2638 3547 2727 polliceris
3587 2689 3607 2724 ,
3671 2633 3790 2703 etii
3859 2633 4112 2704 fortaffe

1112 2750 1244 2821 ego
1295 2748 1336 2795 a
1384 2745 1452 2796 te
1503 2730 1714 2809 huius
1766 2731 2191 2802 voluntarius
2237 2750 2621 2821 procurator
2689 2751 2911 2823 petam
2950 2788 2976 2823 ,
3046 2738 3218 2829 quod
3285 2736 3418 2824 ipse
3457 2788 3480 2825 ‚
3547 2738 3657 2809 cui
3727 2732 3918 2806 debes
3955 2788 3988 2823 ‚,
4047 2732 4112 2801 se

1116 2830 1538 2902 incommodo
1592 2830 2011 2899 exaaurum-
2044 2847 2305 2921 negat..

1219 2934 1307 2999 V.
1364 2936 1463 2998 Ar
1516 2942 1717 3016 vere,
1768 2930 2094 3021 inquam,
2144 2928 2263 2997 tibi
2309 2948 2493 3023 ego,
2529 2935 2734 3005 Brute
2765 2985 2788 3018 ,
2840 2952 2988 3005 non.
3029 2932 3334 3021 flavam„
3383 2934 3505 3004 nisi
3559 2938 3745 3024 pri‘us
3801 2959 3852 3005 a·
3897 2952 3960 3005 te
4007 2956 4128 3006 ea-

1118 3052 1325 3117 vem,
1376 3032 1665 3123 amplius
1716 3052 1791 3100 eo
1844 3032 2129 3099 nomine.
2164 3032 2550 3119 neminem,
2595 3034 2789 3112 cuius
2843 3032 3067 3122 petitio
3121 3034 3199 3103 fit
3250 3088 3274 3125 ,
3323 3036 3725 3123 periturum.
3781 3042 3938 3107 Nou
3983 3058 4122 3105 meq-

1119 3132 1393 3208 hercule
1417 3187 1455 3224 ‚‚
1490 3135 1742 3226 inquit,
1790 3130 1907 3203 tibi
1960 3133 2432 3224 repromittere
2477 3134 2646 3204 istud
2695 3135 2986 3226 quidem
3028 3135 3422 3206 aususfim.
3485 3142 3664 3209 Nam
3717 3139 3953 3228 hunc,
3997 3140 4118 3234 qni

1124 3251 1323 3326 negat
1367 3288 1393 3324 ,
1442 3239 1629 3307 video
1689 3236 2135 3330 flagitatorem
2174 3291 2202 3326 ,
2243 3257 2376 3308 non
2433 3239 2635 3308 illum
2689 3239 2958 3329 quidem
3009 3237 3136 3308 tibi·
3177 3239 3530 3311 molestum
3571 3293 3593 3330 ,
3645 3241 3750 3310 sed
3803 3242 4130 3310 affiduum-

1124 3351 1351 3406 tamen
1404 3339 1484 3412 δε·
1535 3358 1759 3409 acrem
1812 3342 1955 3410 fore
1993 3387 2011 3406 .
2065 3341 2262 3410 Tum
2303 3342 2710 3432 Pomponius
2751 3393 2786 3427 ,,
2825 3343 2984 3430 Ego
3025 3360 3184 3408 vero
3221 3393 3256 3428 ,
3291 3343 3504 3432 inquit
3539 3393 3575 3428 ,
3613 3345 3911 3410 Brutum,
3952 3341 4128 3412 nihil

1124 3440 1401 3512 mentiri
1450 3455 1613 3530 puto
1645 3487 1669 3512 .
1718 3441 1971 3512 Videor
2021 3442 2206 3511 enim
2262 3442 2408 3520 iam
2449 3461 2514 3511 te
2565 3440 2848 3512 ausurus
2895 3440 3032 3510 esse
3085 3444 3487 3532 appellaret.
3544 3443 3858 3530 quoniam
3912 3444 4138 3532 longo

1128 3540 1486 3609 intervallo
1542 3543 1740 3612 modo
1786 3545 2083 3634 primum
2132 3545 2578 3632 animadverti
2633 3543 2832 3632 paulo
2881 3559 2946 3612 te
2993 3544 3410 3614 hilariorem.
3463 3545 3758 3632 Itaque,
3797 3542 4148 3630 qnoniam

1126 3639 1238 3708 hic
1277 3690 1315 3726 ,.
1350 3640 1529 3729 quod
1578 3643 1747 3715 mihi
1794 3644 2133 3716 deberetur
2168 3696 2194 3734 ,
2261 3645 2328 3715 se
2375 3645 2776 3717 exasturum
2823 3643 3174 3734 professus.
3207 3645 3308 3720 est
3339 3671 3378 3736 3..
3433 3643 3614 3736 qnod
3663 3641 3824 3712 huie
3867 3637 4078 3708 debes
4115 3695 4158 3730 ,,

1130 3757 1261 3827 ego
1318 3759 1359 3804 a
1407 3754 1473 3810 te
1522 3759 1720 3831 petor
2467 3823 2476 3826 ,

1241 3837 1597 3938 Quidnam·
1634 3843 1704 3912 id
1734 3848 1774 3910 ἔ
1842 3845 2174 3936 inquam..
2231 3852 2327 3916 Ut
2381 3845 2622 3918 scribas
2661 3899 2700 3936 ‚,
2752 3848 2966 3940 iuquit
3003 3899 3024 3932 ,
3099 3845 3350 3938 aliquid
3392 3895 3424 3912 ..
3479 3842 3884 3934 Iampridem
3933 3843 4144 3910 enim

1134 3942 1617 4016 conticuerunt·
1654 3961 1791 4016 tuae·
1834 3947 2034 4019 lirerae
2069 3997 2090 4022 .
2158 3954 2354 4018 Nam
2391 3965 2468 4020 ut
2515 3949 2686 4020 illos
2718 3947 2799 4016 de
2849 3945 3179 4037 republica
3233 3945 3432 4026 libros
3477 3945 3736 4028 edidisti
3777 3999 3799 4033 ,
3867 3943 4034 4013 nihil
4091 3961 4138 4008 a

1137 4059 1205 4112 te
1260 4043 1412 4115 sane
1462 4045 1675 4137 postea
1730 4052 2101 4137 accepimus
2153 4077 2171 4118 ε
2247 4049 2468 4142 eisque
2517 4047 2895 4138 nosmetipsi
2972 4051 3052 4113 ad
3122 4063 3416 4117 veterum
3467 4047 3818 4116 annalium
3871 4063 4136 4114 memo-

1138 4144 1327 4213 riam
1362 4149 2052 4239 comprehendendam
2106 4153 2373 4243 impulfi
2426 4167 2624 4240 atque
2675 4147 2940 4218 incensi„
2981 4147 3247 4218 sumus..
3299 4150 3424 4218 Sed
3465 4151 3594 4216 illa
3638 4168 3793 4220 eum
3847 4144 4158 4238 poteris3,

1140 4259 1337 4335 etque
1394 4265 1468 4316 ut
1519 4249 1705 4338 poffis
1748 4273 1944 4344 rogo.

1242 4349 1443 4418 Nunc
1497 4373 1656 4420 vero
1696 4407 1718 4442 ‚
1788 4357 2003 4446 inquit
2041 4409 2063 4444 ‚
2136 4354 2188 4422 fi
2237 4373 2326 4423 es.
2363 4353 2595 4422 animo
2647 4370 2866 4420 vacuo
2895 4403 2934 4439 ,.
2969 4371 3229 4440 expone
3277 4349 3462 4420 nobis
3511 4351 3688 4443 quod
3737 4351 4146 4443 quaerimus.

1138 4448 1479 4531 Quidnam
1530 4453 1623 4522 est
1672 4454 1789 4522 id?-
1840 4459 2150 4548 inquam.
2207 4453 2406 4540 Qod
2453 4454 2620 4523 mihi
2673 4472 2884 4544 nuper
2934 4451 3005 4521 in
3047 4453 3437 4541 Tusculano
3487 4452 3802 4524 inchoasti
3857 4450 3954 4520 de
3988 4465 4150 4517 ora-

1144 4547 1457 4638 toribus÷‚.
1492 4556 1759 4644 quando
1804 4557 1943 4628 esse
1990 4555 2349 4647 coepissent
2388 4609 2410 4646 ,
2459 4555 2575 4648 qui
2623 4554 2826 4622 etiam
2865 4605 2900 4639 ,
2945 4555 3016 4624 ὅτ.
3071 4555 3318 4645 quales.
3354 4553 3688 4644 fuissent..
3729 4559 3954 4640 Qlem
4006 4567 4176 4638 ege>

1142 4646 1535 4722 sermonem-
1566 4677 1733 4724 cum.
1778 4657 1861 4726 ad
1913 4662 2198 4729 Brutum
2255 4674 2492 4744 tuum,
2547 4657 2653 4724 vel
2705 4654 3004 4722 nost-rum
3059 4656 3274 4742 potius
3313 4709 3334 4744 ‚
3383 4656 3806 4744 detulissem,
3855 4671 4158 4742 magno—

1140 4769 1293 4840 pere
1346 4753 1455 4824 hie
1512 4755 1738 4826 audire
1786 4755 1853 4827 se
1910 4760 2091 4828 velle
2130 4759 2303 4830 dixit
2340 4808 2355 4827 .
2435 4762 2664 4847 Itaque
2713 4755 2898 4824 bunc
2949 4754 3274 4845 elegimus
3323 4757 3578 4846 diem}
3611 4779 3770 4828 cum
3819 4773 3883 4826 re
3937 4753 4160 4822 scire-

1140 4869 1297 4922 mus
1342 4853 1498 4943 esse,
1539 4877 1873 4930 vacuum.
1930 4862 2226 4950 Qaregt
2257 4861 2310 4934 fi
2361 4859 2476 4932 tibi
2527 4857 2619 4928 est
2669 4856 3161 4948 commodum,
3192 4859 3316 4928 ede
3365 4859 3488 4929 illa
3529 4883 3746 4952 ,.quae
3795 4875 4178 4948 coeperas*

1138 4953 1220 5022 ἀ
1278 4958 1491 5024 Bruto
1530 5009 1551 5046 ,
1602 4961 1683 5030 &c
1733 4960 1936 5028 mihi.

1242 5057 1392 5145 Ego
1440 5079 1601 5128 vero
1638 5111 1684 5151 ‚-
1712 5062 1987 5158 inquam
2024 5113 2063 5150 ‚.
2102 5062 2151 5131 fi
2201 5077 2474 5150 potuero
2509 5116 2546 5154 ,
2585 5063 2832 5136 faciam
2885 5058 3088 5135 vobis,
3121 5061 3330 5132 fitis„
3361 5065 3612 5134 Poteris
3648 5117 3669 5154 ‚
3721 5064 3941 5156 inquit
3965 5085 4002 5128 z.
4035 5077 4162 5126 re·-

3075 5191 3088 5198 ·
3873 5166 4056 5232 laxa,

4298 3518 4322 3926 f
