4359 6321
792 438 2488 536 LIBERTERTIUS.
2925 483 3042 569 24

329 567 475 637 Hic
524 578 687 635 cum
734 562 1029 631 arristffet
1074 559 1211 650 ipse
1257 556 1595 647 Sulpicius
1632 606 1655 642 ,
1724 558 1830 627 Sic
1902 577 2103 648 agam
2172 562 2518 633 vobiscum
2553 613 2576 653 ,
2643 564 2860 658 inquit
2908 576 3036 643 Cra
3089 600 3166 653 us

220 686 307 743 ut
344 724 367 757 ‚
434 666 752 759 quoniam
802 684 914 732 me
964 663 1143 753 loqui
1196 660 1489 731 voluistis
1527 712 1550 745 ‚
1606 658 1873 749 aliquid
1917 660 2002 728 de
2056 660 2282 732 vestris
2336 667 2515 741 vitiis
2557 666 2882 742 audiatis.
2939 632 3226 753 Utinan:

216 769 539 864 quidem!
589 767 807 857 'inquit
858 766 973 837 ille
1006 786 1035 827 .-
1088 764 1161 833 id
1208 764 1389 831 enim
1438 760 1655 849 ipsum
1710 758 2023 833 volumus
2054 814 2089 849 ‚
2127 764 2328 855 idque
2376 767 2428 837 st
2479 768 2713 843 feceris
2753 826 2780 859 ,
2827 772 3044 848 multa
3091 790 3222 871 (ut

222 870 559 959 arbitror)
608 868 721 939 hic
762 864 969 937 bodie
1024 863 1183 935 vitia
1230 884 1597 953 ponemus.
1637 864 1745 938 At
1792 863 1975 933 enim
2024 886 2163 935 non
2211 869 2355 938 fine
2399 892 2560 941 meo
2605 876 2904 964 periculo
2938 928 2966 966 ,
3014 880 3220 958 Cras·

223 974 337 1047 sus
394 971 609 1063 inquit
646 1020 675 1057 ,
718 967 977 1057 pofl‘um
1014 1018 1043 1053 ‚
1086 966 1343 1055 Sulpici
1370 1018 1401 1053 ,
1450 983 1517 1035 te
1569 962 2049 1055 reprehendere
2082 1016 2111 1053 ,
2176 972 2501 1056 quoniam
2547 978 2884 1051 Antonius
2939 980 3102 1055 mihi
3149 1001 3220 1057 te

222 1074 651 1145 fimillimum
698 1070 877 1139 dixit
926 1068 1041 1137 fibi
1089 1068 1295 1136 videri
1332 1114 1351 1133 .
1400 1069 1593 1135 Tum
1644 1066 1758 1135 ille
1797 1119 1821 1153 ,
1870 1072 2053 1137 Tum
2100 1071 2278 1159 quod
2326 1076 2588 1143 monuit
2638 1077 2820 1149 idem
2865 1134 2890 1169 ,
2937 1100 3015 1153 ut
3065 1104 3144 1153 ea
3189 1134 3220 1175 ,

226 1198 377 1269 quae
400 1177 473 1243 in
516 1192 789 1263 quoque
837 1168 1399 1254 maximaeffent‚
1440 1167 1901 1237 imitaremur:
1951 1190 2035 1237 ex
2090 1188 2226 1260 quo
2243 1190 2512 1263 vereor,
2561 1196 2648 1247 ne
2695 1180 2864 1263 nihil
2885 1183 3008 1251 fim
3058 1188 3157 1255 tui
3187 1238 3218 1275 ,

224 1277 351 1347 nili
402 1272 899 1367 supplofionem
952 1269 1135 1359 pedis
1179 1271 1479 1339 imitatus
1512 1320 1541 1357 ,
1597 1270 1668 1339 δι
1722 1290 1933 1358 pauca
1986 1271 2294 1359 quaedam
2345 1271 2710 1363 verba,'&
2759 1280 3057 1371 aliquem
3089 1334 3117 1369 ‚
3165 1286 3219 1355 fi

222 1378 403 1447 forte
433 1426 467 1463 ‚
508 1388 817 1446 motum.
872 1374 1057 1461 Ergo
1106 1370 1266 1457 ista,
1311 1372 1531 1461 inquit
1574 1374 1833 1439 Craflus
1870 1421 1890 1456 ,
1938 1393 2077 1460 qua:
2122 1370 2329 1443 habes
2377 1394 2420 1441 a
2469 1394 2624 1466 me,
2671 1400 2810 1453 non
2863 1383 3218 1473 reprehen„

216 1476 369 1563 do,
416 1496 504 1547 ne
554 1472 879 1563 meipsum
931 1470 1299 1541 irrideam.
1348 1478 1521 1543 Sunt
1568 1492 1797 1541 autem
1842 1492 2001 1541 mea
2048 1473 2272 1543 multo
2325 1476 2394 1545 δε
2453 1476 2644 1565 plura
2675 1532 2708 1567 ‚
2757 1483 2832 1551 &
2891 1482 3144 1563 majora
3187 1536 3218 1573 ,

220 1598 433 1671 quam
474 1578 687 1645 dicis.
738 1580 901 1658 Qae
956 1591 1183 1643 autem
1234 1580 1388 1643 sunt
1438 1591 1557 1643 aut
1608 1592 1725 1643 tua
1768 1574 1973 1662 plane
2000 1626 2027 1661 ,
2094 1590 2220 1643 aut
2265 1575 2635 1647 imitatione
2679 1603 2771 1649 ex
2817 1582 3050 1675 aliquo
3097 1607 3216 1657 ex-

210 1679 471 1771 prefl‘a,
516 1677 599 1747 de
644 1677 723 1745 iis
776 1694 881 1763 te,
931 1676 985 1745 st
1026 1678 1183 1767 quis
1232 1698 1340 1747 me
1390 1676 1562 1744 forte
1612 1677 1798 1746 locus
1836 1677 2316 1762 admonuerit,
2359 1680 2838 1749 commonebo.

327 1782 525 1848 XIII.
579 1782 1049 1847 Praetereamus
1096 1780 1303 1867 igitur
1352 1794 1669 1868 praecepta
1719 1781 1959 1847 Latine
2004 1778 2319 1870 loquendi
2365 1831 2396 1865 ‚
2455 1800 2608 1871 quae
2651 1780 2926 1871 puerilis
2974 1784 3215 1857 destri-

220 1900 319 1953 nn
370 1880 567 1948 tradit
600 1929 627 1965 ,
676 1882 747 1949 δι
808 1878 1101 1947 subtilior
1146 1882 1455 1969 cognitio
1502 1900 1579 1947 ac
1630 1882 1801 1951 ratio
1844 1880 2198 1949 literarum
2245 1880 2414 1967 alit,
2453 1900 2578 1955 aut
2625 1880 3029 1954 consuetudo
3081 1884 3214 1957 ser..

220 1983 447 2049 monis
496 1980 865 2069 quotidiani
914 2000 995 2049 ac
1044 1981 1379 2050 domestici
1416 2003 1439 2042 .-
1468 2032 1475 2039 .
1508 1980 1657 2047 libri
1710 1981 2117 2051 confirmant
2154 2034 2178 2067 ,
2249 1984 2322 2051 δι
2369 1982 2572 2053 Ιεὲὶῐο
2619 1998 2928 2057 veterum
2989 2004 3208 2061 orato-

218 2100 423 2164 rum,
476 2082 549 2149 &
603 2096 990 2167 poetarum.
1038 2085 1278 2172 Neque
1326 2100 1481 2149 vero
1530 2084 1602 2149 in
1654 2080 1771 2149 illo
1824 2081 2027 2151 altero
2078 2082 2334 2153 diutins
2389 2096 2586 2176 (²9)
2659 2107 3152 2157 commoremur
3185 2142 3214 2176 ,

213 2196 299 2249 ut
346 2177 793 2268 disputemus,
842 2180 1077 2271 quibus
1134 2182 1325 2251 rebus
1368 2182 1610 2270 affequi
1663 2181 1969 2271 poffimus
2003 2236 2031 2271 ,
2080 2200 2159 2250 ut
2209 2202 2289 2251 ea
2325 2232 2348 2267 ‚
2415 2206 2560 2273 quae
2607 2187 2908 2257 dicamus
2947 2240 2968 2273 ‚
3018 2189 3214 2257 intel·

214 2281 555 2370 ligantur.
604 2280 861 2347 Latine
900 2280 1145 2351 scilicet
1188 2284 1475 2353 dicendo
1509 2336 1531 2367 ,
1604 2282 1825 2353 verbis
1866 2284 2127 2353 ufitatis
2162 2336 2186 2370 ‚
2249 2304 2328 2353 ac
2379 2286 2632 2375 proprie
2697 2286 3216 2358 demonstranti·

212 2379 356 2449 bus·
386 2400 467 2449 ea
516 2430 543 2469 ‚
586 2402 729 2471 quae
782 2381 1143 2469 significari
1192 2404 1274 2453 ac
1326 2384 1649 2449 declarari
1700 2386 2005 2457 volemus
2034 2436 2063 2470 ‚
2112 2384 2250 2453 fine
2297 2386 2618 2477 ambiguo
2661 2388 2866 2461 verbo
2911 2398 3030 2453 aut
3084 2384 3214 2457 ser-

214 2502 423 2553 mone
450 2535 476 2569 ,
522 2503 659 2550 non
716 2484 917 2550 nimis
964 2486 1175 2573 longa
1224 2484 1717 2553 continuatione
1786 2487 2190 2573 verborum,
2239 2507 2378 2555 non
2428 2485 2630 2551 valde
2676 2482 3010 2571 productis
3057 2485 3144 2559 iis.
3183 2538 3212 2572 .

211 2604 363 2673 vquae
412 2582 854 2651 similitudinis
904 2584 1103 2653 causa
1154 2606 1239 2653 ex
1298 2586 1443 2651 aliis
1494 2582 1691 2653 rebus
1743 2588 2235 2657 transferuntur
2269 2630 2300 2667 ,
2363 2602 2504 2649 non
2549 2582 2888 2673 discerptis
2955 2584 3214 2656 senten·

218 2687 329 2752 tiis
365 2733 389 2767 ,
456 2704 593 2749 non
640 2684 1037 2769 praeposteris
1085 2684 1499 2771 temporibus
1538 2734 1561 2767 ,
1630 2706 1767 2751 non
1834 2682 2127 2755 confusis
2199 2679 2495 2767 personis
2529 2736 2554 2771 ‚
2621 2706 2759 2751 non
2827 2682 3212 2773 perturbato

204 2783 485 2852 ordine.
530 2782 713 2865 Quid
761 2781 1045 2849 multa?
1122 2797 1267 2849 tam
1324 2782 1534 2849 facilis
1580 2784 1675 2851 est
1721 2799 1855 2852 tota
1906 2806 2013 2854 res
2046 2836 2069 2870 ,
2136 2798 2214 2849 ut
2263 2782 2432 2851 mihi
2479 2786 2846 2871 permirum
2895 2783 3056 2874 saepe
3108 2788 3209 2855 vi-

202 2884 448 2953 ·deatur
484 2936 510 2970 ‚
570 2902 739 2952 cum
786 2882 1116 2951 difficilius
1166 2882 1581 2972 intelligatur
1618 2938 1643 2971 ,
1710 2886 1872 2977 quid
1938 2902 2262 2976 patronus
2327 2883 2495 2951 velit
2563 2884 2780 2955 dicere
2813 2938 2838 2973 ,
2902 2908 3108 2975 quam
3154 2886 3206 2959 fi
3300 2932 3310 2941 -

216 2985 353 3075 ipse
402 2984 564 3072 ine,
614 2985 725 3074 qui
772 2999 1130 3073 patronum
1185 2981 1449 3053 adhibet
1478 3036 1507 3070 ,
1572 2986 1653 3053 de
1704 3008 1773 3053 re
1824 2986 1939 3057 sua
1988 2986 2270 3055 diceret.
2325 2983 2442 3053 Isti
2481 2986 2674 3055 enim
2709 3041 2734 3073 ,
2775 2987 2900 3076 qui
2950 2988 3034 3053 ad
3086 3010 3206 3058 nos

202 3086 449 3156 causas
490 3084 803 3151 deferunt
839 3136 864 3169 ,
929 3086 1019 3151 ita
1071 3106 1197 3153 nos
1250 3084 1647 3174 plerumque
1696 3086 1813 3176 ipsi
1858 3086 2107 3155 docent
2136 3136 2167 3174 ,
2231 3100 2309 3151 ut
2361 3107 2498 3157 non
2547 3086 2876 3157 defideres
2933 3086 3206 3177 planius

204 3189 349 3255 dici
387 3231 406 3249 .
458 3183 745 3250 Easdem
795 3205 903 3250 res
953 3199 1181 3250 autem
1231 3183 1427 3254 fimul
1477 3205 1554 3250 ac
1608 3187 1843 3258 Fusius
1891 3239 1916 3271 ,
1984 3203 2105 3254 aut
2152 3181 2363 3252 vester
2405 3189 2676 3277 aequalis
2723 3193 3132 3276 Pomponius
3177 3243 3206 3277 ,

220 3303 421 3372 agere
465 3283 721 3368 coepit,
770 3302 907 3348 non
951 3303 1137 3368 aeque
1166 3329 1195 3364 ‚
1244 3281 1405 3368 quid
1450 3282 1675 3347 dicant
1715 3335 1737 3366 ,
1788 3285 1907 3350 nist
1956 3284 2319 3354 admodum
2369 3287 2664 3372 attendi,
2711 3289 3058 3376 intelligo:
3112 3293 3204 3358 ita

208 3380 501 3453 -confusa
545 3379 647 3448 est
691 3381 943 3464 oratio,
990 3381 1082 3448 ita
1126 3379 1547 3468 perturbata,
1596 3380 1764 3448 nihil
1814 3399 1889 3448 ut
1936 3382 2016 3448 fit
2064 3385 2402 3470 primum,
2451 3385 2619 3450 nihil
2671 3403 2747 3454 ut
2797 3385 3202 3454 secundum.-

212 3501 544 3575 .tantaque
588 3481 946 3550 insolentia
996 3502 1076 3548 ac
1123 3479 1320 3548 turba
1372 3480 1781 3569 verborum,
1829 3497 1909 3548 ut
1954 3483 2216 3565 oratio,
2265 3501 2410 3568 qua:
2459 3483 2689 3549 lumen
2739 3483 3050 3550 adhibere
3105 3505 3206 3553 re·-

206 3585 343 3656 bus
390 3583 579 3654 debet
608 3635 641 3671 ,
681 3603 771 3652 ea
816 3581 1280 3652 obscuritatem
1326 3584 1405 3652 δε
1459 3580 1759 3650 tenebras
1808 3581 2123 3747 asserat⁴1³1
2162 3597 2358 3751 ahtque
2405 3596 2484 3650 ut
2531 3581 3202 3752 quodammodobipfi

2314 3707 2366 3751 z
2977 3685 3034 3754 fi
3085 3687 3099 3702 ‘

210 3899 3278 3970 iffi!

290 4094 321 4155 (
340 4096 459 4162 29)
500 4097 697 4165 Neque
736 4109 875 4148 *vero
922 4093 983 4146 in
1020 4089 1121 4145 illo
1170 4087 1349 4145 altero
1388 4086 1657 4153 diutius)
1752 4085 2053 4145 'verborum
2100 4085 2358 4148 cit-mitio
2394 4128 2412 4153 ,
2458 4085 2724 4158 quoniam
2769 4081 2984 4144 tucior-e
3034 4083 3200 4144 etiam

218 4161 515 4222 Secundam
550 4181 762 4234 partem
798 4203 815 4227 ,
866 4179 981 4234 quat
1018 4177 1135 4216 erat
1170 4158 1237 4216 de
1272 4157 1657 4232 perspicuitate
1754 4159 2113 4230 Hermogene
2161 4156 2455 4220 πεαᾶαλιῖ
2491 4197 2512 4222 ‚
2561 4154 2620 4214 id
2669 4155 2746 4214 est
2773 4197 2792 4224 ,
2845 4156 3103 4224 ambitus,
3137 4159 3196 4214 &t

220 4233 491 4291 orationis
512 4275 528 4297 ,
565 4235 778 4291 omittit
804 4274 817 4298 ‚
852 4231 1106 4305 quoniam
1142 4227 1266 4286 satis
1301 4250 1401 4301 per
1430 4227 1493 4284 se
1530 4228 1661 4286 faci-
1757 4227 2015 4302 producta
2050 4229 2472 4304 comprehenfio
2518 4247 2644 4304 cum
2679 4225 3068 4308 perspicuitate
3103 4246 3196 4284 re-

218 4305 291 4362 lis
332 4301 409 4359 est
430 4343 445 4358 .
470 4304 737 4376 ·Qiaedam
766 4321 953 4360 tamen
974 4321 1083 4366 ‚ex
1118 4301 1305 4373 quibus
1332 4299 1521 4358 haberi
1563 4300 1659 4356 illa
1756 4317 1959 4372 pugnat
1985 4339 2005 4356 .
2053 4315 2112 4359 o.
2144 4302 2420 4360 Tollenda
2461 4297 2846 4356 fimilttudinis
2880 4298 3198 4356 continuata

218 4373 403 4450 poffitl
442 4377 617 4432 virtus
684 4376 905 4434 dicendi
946 4415 965 4440 ‚
1022 4373 1274 4430 'breviter
1326 4389 1603 4430 enumerat
1628 4407 1657 4428 ⁴.
1759 4370 2041 4428 translatio
2070 4411 2085 4438 ‚
2128 4371 2246 4432 ,hoc
2281 4374 2358 4430 est
2388 4413 2408 4438 ‚
2459 4389 2530 4428 rte
2575 4365 2924 4440 metaphorae
2959 4369 3195 4428 nimium

218 4451 361 4507 Sunt
416 4467 641 4504 numero
693 4445 873 4506 decem
894 4486 919 4504 -.
974 4447 1121 4504 Parit
1168 4443 1321 4501 enim
1370 4441 1657 4500 dilucidam
1747 4439 2060 4500 dilatentur
2086 4485 2104 4510 ,
2133 4443 2391 4515 quoniam
2430 4440 2486 4500 id
2525 4441 2583 4496 in
2625 4441 2850 4510 aenigm2
2886 4440 3195 4498 transiret..

218 4537 531 4578 orationem
576 4516 847 4576 sermonis
886 4517 1191 4590 proprietas
1224 4519 1279 4572 ἀ
1316 4514 1518 4588 puritas
1548 4515 1659 4572 La-
1748 4535 1812 4582 7.
1850 4513 1984 4571 Non
2034 4513 2240 4572 debent
2289 4511 2598 4574 minutatim
2647 4510 2930 4569 conscindi
2969 4509 3198 4570 senten-

219 4590 330 4650 tint
358 4632 373 4656 .
408 4609 523 4662 quae
550 4609 673 4648 erat
752 4589 886 4648 rima
924 4609 1073 4660 pars·—
1112 4610 1165 4646 2·
1201 4589 1377 4646 Voces
1404 4585 1655 4652 alitatae,
1761 4587 1887 4646 tiaes
1928 4583 2021 4642 {ed
2048 4585 2304 4660 expleri.
2343 4591 2400 4642 δε
2435 4584 2502 4642 ad
2544 4583 2724 4640 'ustam
2751 4583 3050 4643 mensuram
3089 4601 3195 4640 nu-

216 4682 400 4736 ncque
424 4680 528 4719 aut
566 4673 715 4720 vetut
746 4681 827 4720 ate
862 4659 1121 4718 obsoletat
1152 4701 1170 4724 ,
1209 4679 1297 4720 aut
1338 4657 1521 4716 stud-'o
1552 4677 1663 4716 no-
1748 4657 1899 4716 meri
1952 4675 2110 4732 atque
2168 4655 2352 4717 sensus
2411 4676 2528 4729 pro
2567 4655 2647 4712 uei
2681 4694 2704 4710 ,
2755 4663 2804 4711 8.
2855 4659 3193 4725 Temporum

222 4735 417 4791 vitatis
459 4731 818 4791 insolentes..
872 4753 921 4808 3.
966 4730 1193 4804 Proprie
1218 4729 1660 4789 remedeclaran-
1758 4727 2023 4787 servanda
2064 4728 2358 4788 distinetio
2407 4730 2484 4788 est
2523 4771 2542 4796 ‚
2597 4745 2660 4783 ut
2697 4723 2792 4784 suo
2819 4745 3050 4799 quaeque
3083 4723 3192 4800 tri-

218 4825 305 4864 tes
326 4847 341 4870 ,
378 4806 887 4876 accommodataeque
921 4805 1109 4871 rebus,
1144 4823 1281 4878 equas
1306 4800 1657 4875 :fignificsnt‘s
1748 4801 2033 4861 ibuantutn.
2070 4825 2139 4875 ·9.
2174 4801 2474 4863 Concinna
2504 4797 2862 4872 personarum
2915 4797 3192 4854 distinctio

200 4897 349 4935 ‘cnm
389 4893 561 4946 neque
585 4877 919 4944 maiestatem
964 4895 1147 4934 earum
1184 4877 1452 4936 minuunt
1488 4917 1505 4941 ,
1558 4893 1659 4933 nec
1748 4873 2019 4932 :seruanda
2048 4877 2137 4932 -est
2164 4913 2184 4932 .
2230 4877 2518 4934 Poxiremo
2551 4888 2992 4938 argumentorum
3023 4881 3192 4924 caete-

202 4949 467 5028 «obruunt
508 4947 850 5028 tenuitatem.-
886 4969 939 5019 4.
976 4945 1283 5009 Resecanda
1315 4946 1495 5007 omnis
1532 4965 1661 5004 ver·
1748 4965 2342 5018 ·rorumque·0mu1um
2377 4943 2705 5018 digerendus
2739 4941 2820 5002 est
2853 4939 2992 5001 ordo
3020 4975 3039 4994 .
3076 4942 3190 4994 1²2-

202 5022 282 5079 lbi
303 5039 373 5076 .ac
396 5016 673 5078 sermonis
718 5021 1025 5094 ambiguitas
1054 5059 1073 5080 .
1120 5038 1186 5093 5.
1218 5019 1455 5082 Vitanda
1480 5018 1661 5080 nimia
1740 5036 1987 5080 atavus·
2723 5075 2752 5094 2
