4359 6321
1006 414 2524 539 oRAToRIBUs.'
2943 458 3122 579 295·

356 562 493 633 XV
507 560 558 627 1.
610 560 754 625 Nec
802 574 965 627 vero
1012 552 1225 629 liabeo
1274 578 1653 650 quenquam
1712 559 2157 652 antiqmorem
2179 617 2202 653 ,
2253 568 2446 646 cujus
2495 568 2760 661 quidem
2813 571 3048 665 scripta
3097 604 3262 671 pro.

244 656 523 737 ferenda
576 676 845 749 putem,
896 658 1015 727 nisi
1062 682 1263 753 quem
1315 661 1516 749 Appii
1566 660 1739 729 Caeci
1790 664 1997 729 oratio
2046 666 2188 735 haec
2236 669 2373 758 ipsa
2423 669 2504 737 de
2554 676 2818 759 Pyrrho
2876 729 2906 764 ,
2950 681 3022 746 δε
3083 705 3256 751 non-

240 763 453 837 nullae
505 776 929 829 mortuorum
980 760 1392 831 laudationes
1443 761 1615 827 forte
1682 760 2011 831 deleflant
2046 812 2066 829 .
2138 754 2223 833 'Et
2290 770 2566 841 hercule
2634 776 2732 845 hae
2797 780 3066 869 quidem
3135 804 3256 850 ex.

238 868 417 937 stant
457 914 476 933 .
547 862 691 951 lpse
740 863 922 932 enim
974 862 1243 931 familiae
1296 860 1409 929 sua
1461 862 1644 952 qnafi
1698 879 2093 932 ornamenta
2130 919 2153 954 ,
2221 889 2298 955 ac
2349 892 2787 995 monumenta
2841 879 3189 951 strvabant
3230 935 3260 973 ,

238 972 313 1043 δι
376 967 468 1036 ad
524 964 721 1033 usum
761 1018 783 1051 ,
834 964 883 1033 fi
938 965 1091 1055 quis
1137 960 1434 1043 ejusdem
1486 965 1750 1051 generis
1799 964 2118 1033 occidiffet
2156 1020 2182 1055 ,
2249 973 2320 1039 δε
2377 974 2456 1038 ad
2505 982 2908 1052 memoriam
2962 981 3245 1055 laudum

234 1066 761 1140 domesticarum
792 1120 821 1154 ,
870 1068 943 1137 &
1000 1064 1081 1133 ad
1133 1062 1598 1133 illustrandam
1654 1060 2067 1134 nobilitatem
2118 1065 2308 1139 suam
2345 1123 2370 1159 ,
2420 1092 2804 1169 quanquam
2856 1084 2962 1150 his
3019 1083 3266 1155 lauda«

226 1170 537 1243 tionibus
580 1166 845 1241 historia
899 1187 1131 1239 rerum
1182 1164 1562 1234 nostrarum
1610 1162 1708 1231 est
1756 1163 1935 1235 faeta
1986 1170 2363 1239 mendosior
2403 1219 2420 1238 .
2499 1176 2722 1243 Multa
2772 1184 2958 1250 enim
3011 1186 3252 1275 scripta

236 1274 409 1347 sunt
460 1277 532 1341 in
582 1271 677 1339 eis
714 1322 741 1357 ,
790 1292 937 1362 quae
989 1268 1162 1337 fasta
1215 1288 1350 1335 non
1406 1264 1613 1337 sunt=
1668 1264 1815 1334 falfi
1871 1268 2251 1357 triumphi,
2301 1273 2525 1361 piures
2573 1276 3001 1368 consulatus,
3051 1306 3254 1373 gene.

233 1398 311 1445 ra
369 1378 579 1443 etiam
632 1372 803 1439 falla
842 1424 863 1457 ,
942 1371 1012 1439 &
1071 1392 1109 1437 a
1162 1368 1348 1459 plebe
1398 1366 1811 1435 transitiones
1847 1419 1871 1453 ,
1948 1390 2107 1438 cum
2156 1370 2466 1441 homines
2513 1376 2905 1453 humiliores
2979 1383 3049 1451 in
3105 1386 3260 1457 alie-

234 1498 414 1545 num
465 1472 769 1553 ejusdem
822 1471 1115 1541 nominis
1164 1469 1679 1539 infunderentur
1729 1488 1983 1558 genus:
2035 1485 2155 1559 ut,
2205 1470 2254 1537 fi
2307 1493 2438 1561 ego
2489 1496 2597 1542 me
2646 1498 2685 1544 a
2729 1482 2852 1551 M’.
2873 1484 3108 1554 Tullio
3157 1486 3258 1553 es.

234 1576 307 1647 se
362 1578 659 1646 dicerem
702 1626 722 1661 ,
792 1573 903 1665 qui
954 1572 1267 1661 patricius
1314 1590 1477 1641 cum
1526 1570 1759 1639 Servio
1808 1568 2102 1661 Sulpicio
2169 1570 2466 1659 consul,
2536 1593 2713 1649 anno
2762 1604 2828 1648 x.
2907 1585 3050 1671 post
3095 1604 3255 1655 exa-

236 1679 385 1748 &os
437 1696 629 1764 reges
667 1728 687 1764 ,
746 1675 909 1744 fuit.
2213 1664 2271 1695 ²

352 1780 630 1846 Catonis
684 1795 911 1849 autem
962 1776 1284 1843 orationes
1335 1796 1475 1843 non
1529 1774 1755 1845 minus
1805 1772 2033 1845 multae
2101 1776 2242 1846 fere
2295 1774 2448 1845 sunt
2486 1830 2510 1864 ,
2585 1798 2790 1871 quam
2844 1781 3055 1851 Attici
3105 1786 3250 1876 Ly-

236 1883 395 1952 fiae:
453 1880 645 1958 cujus
698 1880 972 1947 arbitror
1024 1877 1343 1968 plurimas
1396 1875 1557 1943 effe.
1613 1875 1721 1941 Est
1772 1878 1953 1943 enim
2007 1880 2318 1966 Atticus,
2371 1882 2692 1971 quoniam
2741 1882 3261 1956 certe'Athenis

231 1982 333 2051 est
391 1984 719 2073 &natus
770 1982 843 2051 &
894 1998 1250 2064 mortuus,
1295 1978 1369 2047 ἃ
1427 1974 1701 2045 ἥιηὲὶιιε
1750 1979 1937 2044 omni
1991 1979 2246 2049 civium
2297 2000 2574 2049 munere
2617 2004 2641 2045 .·
2695 2002 3086 2075 quanquam
3137 1988 3257 2067 Τῐ.

226 2104 450 2150 maeus
502 2102 721 2171 eum,
788 2081 969 2172 quali
1023 2079 1411 2148 Licinia.&
1468 2076 1698 2144 Mucia
1748 2075 1899 2165 lege
1939 2130 1962 2165 ,
2014 2082 2244 2170 repetit
2293 2080 2665 2165 Syracusas
2709 2108 2734 2146 .·
2811 2086 2882 2154 &
2941 2084 3258 2176 quodam-

224 2182 441 2252 modo
488 2182 583 2250 est
638 2182 970 2251 nonnulla
1020 2182 1092 2249 in
1145 2181 1224 2249 iis
1277 2179 1482 2245 etiam
1534 2180 1713 2247 inter
1764 2176 1935 2267 ipsos
1993 2178 2352 2249 fimilitudo
2391 2230 2410 2248 .
2463 2172 2669 2253 Acuti
2723 2182 2934 2271 sunt,
2981 2188 3258 2277 elegan-

224 2302 331 2355 tes
380 2336 403 2371 ,
454 2284 713 2371 faceti,
764 2284 997 2351 breves
1030 2328 1049 2349 .
1120 2282 1245 2349 Sed
1295 2280 1743 2348 ille‘Graecus
1794 2278 1877 2346 ab
1924 2281 2108 2347 omni
2161 2282 2360 2351 laude
2411 2282 2678 2354 felicior
2725 2332 2744 2353 .
2799 2286 3017 2354 Habet
3068 2288 3256 2357 enim

222 2404 451 2458 certos
508 2383 603 2453 stri
656 2384 970 2454 studiosos
1005 2435 1027 2471 ,
1076 2384 1189 2473 qui
1244 2403 1380 2450 non
1432 2398 1572 2448 tam
1627 2379 1891 2450 habitus
1944 2384 2240 2474 corporis
2291 2385 2542 2475 opimos
2584 2437 2607 2473 ,
2657 2406 2866 2479 quam
2917 2388 3256 2479 gracilita-

220 2506 335 2557 tes
413 2486 929 2575 consen-entur,
998 2505 1165 2575 quos
1201 2536 1223 2571 ,
1289 2481 1611 2552 valetudo
1676 2485 1879 2551 modo
1931 2481 2099 2551 bona
2152 2483 2230 2553 fit
2281 2538 2308 2576 ,
2366 2488 2652 2555 tenuitas
2721 2486 2857 2575 ipsa
2907 2488 3196 2557 delestat
3231 2534 3255 2557 .

225 2596 658 2677 Quanquam
710 2590 777 2655 in
832 2586 1033 2673 Lylia
1084 2586 1235 2654 sunt
1284 2583 1445 2673 saepe
1492 2586 1697 2651 etiam
1745 2583 2020 2673 lacerti,
2075 2585 2163 2655 fic
2214 2602 2292 2655 ut
2338 2607 2418 2656 eo
2458 2588 2610 2655 fieri
2660 2589 2830 2655 nihil
2891 2587 3075 2677 pellit
3133 2606 3256 2681 vaf

214 2692 539 2760 lentius:
594 2710 829 2757 verum
880 2704 1059 2757 certe
1108 2708 1353 2775 genere
1398 2702 1539 2752 toto
1592 2684 1922 2773 strigolior
1963 2709 1989 2749 .·
2046 2687 2155 2754 led
2209 2690 2401 2759 habet
2457 2704 2682 2756 tamen
2735 2688 2889 2758 suos
2944 2686 3252 2759 laudato-

207 2814 377 2877 res,
440 2792 556 2879 qui
610 2791 733 2859 hac
786 2788 917 2877 ipsa
968 2790 1111 2865 ejus
1168 2786 1525 2854 subtilitate
1573 2786 1935 2857 admodum
1991 2786 2373 2875 gaudeant.

252 2922 258 2928 ·
322 2893 569 2961 xvn.
620 2897 944 2959 Catonem
1002 2908 1167 2955 vero
1211 2886 1790 2978 quis1nostrorum
1844 2903 2192 2957 oratorum
2230 2943 2252 2979 ,
2306 2892 2422 2983 qui
2471 2890 2742 2983 quidem
2801 2910 2984 2959 nunc
3035 2888 3189 2957 sunt
3227 2940 3252 2977 ,

208 2996 391 3085 legit
438 2994 475 3055 ‚2
548 3010 661 3059 aut
716 2995 867 3083 quis
920 2992 1107 3057 novit
1155 2990 1498 3056 omnino?
1570 2991 1667 3055 At
1715 3010 1920 3079 quem
1975 2992 2200 3063 virum
2236 2996 2273 3058 ἓ
2345 2994 2439 3061 dii
2489 2993 2664 3061 boni!
2721 2993 2918 3061 mitto
2969 2992 3260 3079 civem,

212 3116 345 3166 aut
408 3092 825 3178 senatorem,
874 3107 989 3160 aut
1038 3091 1552 3179 imperatorem:
1610 3108 1951 3160 oratorem
2000 3096 2190 3164 enim
2240 3094 2365 3165 hoc
2418 3095 2566 3165 loco
2613 3096 3004 3186 quaerimus.
3063 3096 3242 3179 Quis

210 3201 353 3267 illo
411 3195 679 3280 gravior
731 3195 797 3256 in
854 3191 1249 3256 laudando?
1304 3191 1597 3254 acerbior
1650 3191 1721 3254 in
1774 3194 2278 3275 vituperando?
2335 3199 2404 3262 in
2461 3197 2802 3263 sententiis
2852 3196 3160 3284 argutior
3222 3193 3254 3256 2

208 3303 295 3367 in
350 3289 663 3358 docendo
700 3341 721 3377 ,
793 3285 1329 3372 edisserendoque
1381 3283 1675 3350 subtilior
1717 3288 1755 3346 ,ἓ
1826 3288 2109 3356 Refertae
2164 3289 2318 3357 sunt
2367 3297 2702 3361 orationes
2755 3297 3046 3382 amplius
3095 3311 3250 3359 cen-

214 3415 385 3465 tum
449 3392 925 3481 quinquaginta
996 3397 1213 3476 (quas
1268 3385 1547 3474 quidem
1594 3381 1813 3450 adhuc
1862 3387 2232 3478 invenerim
2305 3392 2376 3460 &
2435 3390 2774 3478 legerim)
2862 3394 2932 3459 &
2995 3388 3208 3457 verbis
3231 3417 3262 3478 ·,

208 3503 293 3572 ὅ(
364 3497 573 3563 rebus
622 3489 986 3560 illustribus
1022 3533 1042 3554 .
1098 3489 1282 3554 Licet
1323 3507 1417 3554 ,ex
1467 3486 1568 3552 his
1616 3485 1873 3575 eligant
1920 3505 2039 3571 ea,
2086 3510 2234 3577 quae
2285 3492 2622 3556 notatione
2674 3492 2744 3560 &
2802 3487 3003 3556 laude
3054 3490 3261 3580 digna

203 3601 357 3670 fint
400 3625 426 3686 3
516 3615 747 3663 omnes
798 3589 1099 3660 oratoriae
1157 3590 1433 3654 virtutes
1486 3588 1551 3652 in
1600 3587 1702 3653 eis
1756 3587 2166 3678 reperientur
2211 3645 2230 3663 .
2300 3591 2453 3669 Jam
2523 3611 2680 3658 vero
2735 3590 3048 3681 Origines
3098 3595 3246 3670 ejus

202 3719 441 3794 quem
500 3697 788 3778 florem,
842 3707 956 3758 aut
1007 3689 1183 3778 quod
1244 3691 1473 3756 lumen
1525 3685 1915 3776 eloquentiae
1966 3711 2107 3756 non
2156 3686 2464 3758 habent?
2517 3693 2879 3762 Amatores
2931 3694 3088 3762 huic
3144 3695 3256 3762 de-

204 3803 387 3873 sunt
432 3851 458 3884 ,
518 3795 699 3866 sicuti
755 3793 983 3860 multis
1033 3793 1169 3868 jam
1223 3807 1373 3856 ante
1426 3787 1664 3854 seculis
1718 3790 1789 3858 δε
1850 3789 2121 3857 Philisto
2172 3791 2528 3878 Syracusio
2565 3847 2587 3878 ,
2661 3787 2734 3864 δι’
2790 3795 2905 3883 ipsi
2959 3797 3257 3880 Thucy·

204 3903 399 3974 didi.
462 3897 646 3964 Nam
716 3899 792 3964 u't
846 3895 1093 3961 horum
1160 3887 1443 3962 concilis
1511 3888 1849 3958 sententiis
1886 3942 1907 3976 ,
1978 3891 2320 3960 interdum
2391 3895 2592 3962 etiam
2661 3919 2806 3966 non
2858 3896 3014 3963 satis
3066 3915 3258 3985 aper-

204 4008 305 4076 tis
370 4021 547 4068 cum
600 3998 955 4080 brevitate,
1006 4011 1151 4062 tum
1204 3991 1415 4056 nimio
1462 3992 1815 4076 acumine,
1864 3989 2067 4060 officit
2123 3993 2601 4086 Theopompus
2649 3999 2938 4068 elatione
2975 4050 2998 4084 ,
3049 4017 3252 4089 atque
3301 4073 3310 4082 ‚

200 4102 601 4175 altitudine
646 4099 963 4165 orationis
1015 4096 1185 4162 suae:
1240 4093 1413 4182 quod
1470 4095 1645 4160 idem
1700 4090 1912 4178 Lyfiae
1972 4095 2504 4166 Demosthenes:
2557 4099 2662 4168 'fic
2719 4101 2999 4168 Catonis
3049 4099 3256 4168 lumi-

208 4205 429 4281 nibus
488 4199 814 4272 obstruxit
862 4197 1001 4266 haec
1050 4195 1481 4285 posteriorum
1532 4195 1715 4282 quafi
1765 4215 2169 4286 exaggerata
2221 4197 2422 4270 altius
2476 4205 2688 4268 oratio
2738 4249 2756 4268 .
2827 4202 2951 4277 Sed
3007 4202 3076 4272 in
3126 4223 3260 4272 no·

200 4311 366 4380 stris
428 4303 697 4372 inscitia
747 4299 883 4387 est,
934 4301 1107 4392 quod
1162 4297 1211 4364 ii
1266 4295 1422 4383 ipfi,
1473 4297 1585 4381 qui
1637 4297 1706 4360 in
1766 4297 2015 4362 Graecis
2070 4301 2460 4389 antiquitate
2507 4301 2928 4371 delcetantur
2969 4355 2994 4389 ,
3039 4323 3256 4396 eaque

204 4409 601 4481 subtilitate
636 4458 657 4486 ,
725 4423 929 4492 quam
984 4403 1275 4468 Atticam
1349 4395 1679 4484 appellant
1716 4449 1741 4496 ,
1808 4395 1981 4462 hanc
2050 4397 2119 4461 in
2171 4405 2426 4468 Catone
2476 4421 2613 4466 non
2688 4405 2836 4490 (⁴²)
2909 4417 3255 4474 noverunt

208 4515 553 4605 quidem.
614 4503 967 4592 Hyperidae
1030 4503 1265 4570 volunt
1314 4497 1435 4564 esse
1487 4501 1558 4566 &
1616 4497 1869 4580 [γῆ-ε.
1920 4497 2157 4564 Lau-:lo
2197 4545 2214 4562 .
2270 4500 2394 4568 Sed
2447 4523 2566 4570 cur
2623 4503 2836 4568 noluit
2893 4509 3166 4577 Catonis
3213 4509 3254 4570 ,ι’

202 4615 462 4682 Attico
526 4625 773 4694 genere
820 4603 1082 4675 dicendi
1135 4603 1199 4670 se
1254 4600 1551 4690 gaudere
1593 4600 1821 4668 dicunt
1862 4647 1882 4666 .
1937 4600 2280 4687 Sapienter
2351 4603 2420 4671 id
2474 4601 2739 4694 quidem
2779 4627 2800 4670 ι
2872 4624 3071 4700 atque
3123 4607 3258 4676 uti-

2985 4727 3154 4778 nam.

216 4898 3262 4984 Μ

296 5033 333 5098 (
353 5027 384 5062 '¹
408 5032 443 5096 )
484 4993 825 5100 noverunt>
860 5031 1014 5096 Man.
1062 5043 1387 5098 Noverunt.
1422 5037 1590 5118 Qud
1624 5042 1816 5100 mimi
1854 5041 2165 5117 &perui-t·
