4359 6321
1248 595 1371 680 24
1747 547 1920 640 DE
1987 518 2781 632 1NVENT10NE
2844 507 3579 614 RHETORICA

1121 690 1274 768 suni
1319 679 1466 762 est,
1517 673 1650 743 five
1703 686 1984 738 verum.
2036 664 2120 730 In
2172 677 2256 724 eo
2306 669 2544 742 genere
2574 699 2595 736 ,
2646 643 2821 736 quod
2877 641 3012 710 fere
3068 637 3224 707 solet
3276 637 3465 720 fieri,
3516 627 3857 723 probabile
3906 622 4133 710 huius-

1121 783 1310 862 modi
1355 777 1481 846 est:
1535 774 1602 842 Si
1652 785 1862 839 mater
1913 763 2003 833 est
2039 813 2062 847 ,
2109 755 2333 846 diligit
2382 751 2654 820 filiumz
2706 746 2753 813 fi
2808 763 3043 810 avarus
3092 739 3226 824 est,
3277 736 3559 825 negligit
3622 731 4145 812 jusjurandum.

1129 891 1214 954 In
1263 903 1345 952 eo
1397 893 1618 946 autem
1657 927 1678 960 ,
1745 868 1920 962 quod
1987 865 2055 928 in
2105 858 2415 945 opinione
2468 851 2755 939 positum
2822 843 2913 912 est
2953 897 2974 929 ,
3042 834 3433 918 hujusmodi
3486 834 3637 903 suut
3708 829 4072 921 probabilia
4123 853 4143 896 z

1129 985 1362 1075 Impiis
1415 976 1588 1068 apud
1638 974 1890 1042 ,inferos
1942 980 2176 1053 poenas
2224 955 2345 1026 effe
2398 968 2863 1042 praeparatas;
2915 947 3089 1030 Eos,
3138 943 3253 1030 qui
3304 935 3723 1028 philosophiae
3778 931 3935 1000 dent
3992 951 4143 1018 ope·

1129 1107 1319 1170 ram,
1367 1102 1506 1152 non
1559 1071 1854 1142 arbitrari
1905 1065 2054 1136 deos
2102 1058 2262 1127 effe.

1233 1187 1451 1256 XXX.
1503 1170 1892 1249 Similitudo
1945 1180 2170 1234 autem
2222 1160 2290 1226 in
2345 1151 2697 1225 contrariis
2734 1199 2757 1234 ,
2808 1149 2881 1217 &
2940 1145 3203 1234 paribus
3244 1193 3269 1227 ‚
3316 1143 3385 1212 δε
3446 1142 3514 1206 in
3569 1137 3650 1206 iis
3700 1134 3942 1217 rebus,
3994 1149 4145 1220 quie

1133 1285 1254 1359 sub
1302 1281 1584 1351 eandem
1635 1271 1886 1346 cadunt
1935 1267 2259 1335 rationem
2289 1311 2311 1347 ‚
2361 1255 2727 1348 spestatur.
2782 1251 2861 1315 In
2916 1244 3262 1314 contrariis
3297 1295 3321 1330 ,
3372 1243 3497 1310 hoc
3549 1235 3793 1308 modo:
3852 1237 4037 1301 Nam
4094 1229 4145 1298 fi

1135 1390 1215 1456 iis
1249 1438 1270 1472 ,
1318 1383 1433 1473 qui
1485 1375 1934 1468 imprudentes
1987 1365 2291 1436 laeserunt
2326 1411 2349 1444 ‚
2397 1353 2650 1445 ignosci
2704 1350 3015 1432 convenit
3062 1399 3083 1433 ‚
3134 1348 3260 1432 iis,
3310 1347 3425 1434 qui
3477 1338 3827 1412 neceffario
3875 1333 4145 1425 profue-

1139 1503 1300 1556 runt
1341 1535 1364 1569 ,
1411 1479 1632 1550 haberi
1684 1477 1971 1568 gratiam
2027 1487 2160 1534 non
2212 1477 2500 1550 oportet.
2553 1459 2653 1520 Ex
2710 1452 2847 1540 pari
2885 1502 2905 1537 ,
2964 1449 3100 1515 sic:
3156 1449 3333 1512 Nam
3388 1459 3461 1511 ut
3516 1445 3709 1512 loeus
3766 1436 3897 1504 fine
3948 1449 4147 1522 portu

1135 1585 1416 1658 navibus
1465 1582 1588 1650 effe
1637 1599 1777 1647 non
1828 1571 2029 1664 potest
2081 1580 2323 1648 tutus,·
2400 1560 2485 1627 sic
2544 1555 2805 1623 animus
2876 1550 3009 1636 sine
3063 1546 3197 1618 fide
3246 1542 3485 1612 stabilis
3538 1543 3771 1610 amicis
3836 1557 3975 1606 non
4034 1555 4150 1626 po-

1141 1690 1261 1756 test
1307 1688 1430 1754 effe
1468 1732 1484 1749 .
1541 1687 1624 1748 In
1674 1681 1753 1747 iis
1803 1673 1990 1743 rebus
2031 1724 2053 1758 ‚
2117 1689 2261 1757 quae
2314 1659 2429 1738 sub
2480 1655 2754 1728 eandem
2808 1654 3135 1720 rationem
3188 1646 3433 1721 cadunt
3471 1696 3494 1731 ‚
3562 1645 3687 1712 hoc
3740 1639 3945 1708 modo
3998 1655 4152 1725 pro-

1117 1784 1351 1856 ‘babile
1399 1782 1895 1853 confidentur.-
1951 1776 2132 1840 Nam
2187 1765 2234 1832 fi
2289 1761 2565 1836 Rhodiis
2616 1772 2805 1844 turpe
2860 1761 3003 1841 (66
3033 1765 3056 1838 )
3112 1771 3247 1816 non
3299 1745 3391 1814 est
3444 1745 3812 1835 portorium
3865 1739 4149 1821 locare,

1139 1913 1226 1959 ne
1275 1883 1779 1958 Hermacreonti
1830 1874 2102 1966 quidem
2153 1883 2343 1953 turpe
2394 1863 2483 1930 est
2533 1859 2942 1926 conducere.
3003 1855 3163 1919 Haec
3215 1868 3363 1915 tum
3412 1869 3563 1915 vera
3612 1848 3803 1926 sunt,
3854 1837 3983 1905 hoc
4039 1857 4157 1925 pa..

1142 1991 1306 2060 sto:
1372 1987 1710 2070 Quoniam
1761 1977 2036 2050 cicatrix
2088 1967 2178 2042 est
2216 2021 2237 2052 ,
2306 1965 2433 2032 fuit
2490 1961 2736 2028 vulnus
2773 1985 2797 2044 ,-
2868 1970 3021 2021 tum
3078 1949 3455 2020 verisimilia
3494 1999 3516 2032 ‚
3565 1945 3690 2014 hoc
3745 1937 3943 2007 modo
3986 1960 4004 1998 i
4088 1933 4158 2000 Si

1140 2090 1396 2160 multus
1444 2101 1581 2154 erat
1635 2085 1700 2151 in
1753 2075 1992 2150 calceis
2041 2069 2262 2160 pulvis
2300 2115 2323 2150 ‚
2392 2086 2475 2130 ex
2529 2062 2763 2126 itinere
2813 2075 2973 2122 eum
3025 2050 3251 2115 venire
3300 2041 3625 2130 oportebat
3666 2087 3683 2105 .
3754 2042 3981 2103 Omne
4038 2056 4155 2102 au-

1139 2209 1329 2278 tem,
1383 2193 1582 2276 (67)
1635 2195 1759 2269 (ut
1813 2191 2018 2246 certas
2069 2165 2389 2258 quasdam
2440 2165 2510 2228 in
2561 2175 2776 2246 partes
2828 2148 3341 2230 distribuamus)
3395 2139 3761 2231 probabile,
3809 2135 3989 2228 quod
4052 2136 4155 2204 su..

1142 2294 1352 2359 mitur
1407 2287 1492 2356 ad
1541 2275 2233 2373 argumentationem,
2285 2277 2408 2346 aut,
2450 2261 2714 2348 fignum
2763 2253 2901 2340 est,
2954 2264 3068 2318 aut
3115 2243 3423 2317 credibile
3460 2296 3485 2331 ‚
3533 2258 3647 2311 aut
3697 2239 4081 2322 judicatum
4134 2291 4155 2328 ,

1145 2407 1259 2458 aut
1309 2386 1790 2476 comparabile.

1245 2492 1530 2580 Signum
1579 2483 1723 2568 est,
1795 2481 1992 2564 (68)
2045 2469 2219 2558 quod
2274 2463 2388 2529 sub
2420 2455 2709 2526 ’sensum
2760 2454 3051 2538 aliquem
3102 2450 3279 2517 cadit
3318 2499 3340 2534 ‚
3390 2451 3463 2517 δε
3518 2445 3841 2536 quiddam
3896 2432 4156 2534 fign‘ifi-

1147 2605 1253 2658 cat
1289 2639 1312 2672 ,
1377 2583 1555 2673 quod
1623 2601 1708 2646 ex
1758 2574 1894 2661 ipso
1943 2567 2313 2658 profectum
2366 2558 2624 2626 videtur
2666 2605 2688 2636 ,
2755 2551 2928 2642 quod
2982 2565 3094 2620 aut
3144 2566 3294 2617 ante
3348 2545 3550 2614 fuerit
3586 2598 3609 2632 ,
3684 2564 3798 2612 aut
3870 2545 3945 2611 in
4022 2539 4162 2628 ipso

1149 2673 1466 2775 negotio,
1517 2695 1630 2746 aut
1681 2673 1812 2768 post
1862 2672 1940 2740 sit
1986 2666 2463 2747 consecutum,
2518 2661 2589 2728 &
2648 2671 2873 2721 tamen
2929 2651 3179 2739 indiget
3230 2647 3626 2732 testimonii,
3676 2649 3748 2716 &
3808 2641 4163 2736 gravioris

1148 2779 1737 2866 confirmationis;
1789 2787 1864 2842 ut
1915 2793 2108 2842 cruor
2151 2823 2173 2856 ,
2228 2767 2390 2854 fuga
2428 2813 2450 2848 ‚
2502 2757 2711 2848 pallor
2752 2805 2772 2840 ‚
2824 2753 3046 2839 pulvis
3087 2805 3106 2836 ,
3176 2753 3245 2820 &
3302 2771 3443 2839 quae
3492 2745 3593 2812 his
3646 2743 3796 2812 sunt
3850 2741 4103 2811 similia
4142 2787 4162 2806 .

1149 2883 1478 2957 Credibile
1525 2880 1618 2952 est
1653 2875 1898 2968 ;>,'qt„1,od
1952 2872 2084 2940 fine
2135 2867 2279 2936 ullo
2330 2862 2482 2930 teste
2511 2914 2532 2947 ,
2576 2854 2887 2925 auditoris
2940 2853 3248 2940 opinione
3302 2847 3607 2916 firmatur
3648 2899 3670 2930 ,
3720 2848 3846 2913 boc
3912 2841 4159 2910 modo:

1149 2995 1370 3058 Nemo
1417 2983 1510 3056 est
1544 3037 1568 3070 ‚
1635 2983 1746 3070 q‘ui
1799 2991 1940 3066 non¹
1985 2974 2223 3040 liberos
2274 2966 2424 3035 suos
2474 2960 2845 3029 incolumes
2916 2955 2987 3022 δε
3061 2951 3281 3019 beatos
3348 2951 3468 3018 effe
3536 2947 3758 3036 cupiat
3786 2971 3815 3014 ·.
3901 2944 4165 3025 Iudica-

1151 3105 1304 3156 tum
1355 3137 1377 3173 ,
1423 3083 1516 3151 est
1565 3103 1668 3150 res
1699 3077 2065 3160 affenfione
2118 3087 2231 3142 aut
2282 3066 2719 3146 austeritate,
2766 3072 2881 3124 aut
2936 3051 3175 3132 iudicio
3228 3051 3553 3133 alicujus,
3603 3067 3717 3113 aut
3774 3046 4167 3138 aliquorum

1153 3184 1612 3277 comprobata.
1667 3181 1743 3251 Id
1795 3178 1999 3247 tribus
2050 3178 2121 3242 in
2165 3168 2520 3263 generibus
2578 3160 2937 3252 spestatur,
2987 3153 3291 3244 religioso
3324 3208 3343 3241 ‚
3396 3131 3787 3236 communi,
3838 3146 4168 3240 approba-

1155 3306 1227 3360 to
1263 3337 1280 3357 .
1355 3283 1775 3375 Religiosum
1821 3281 1969 3363 est,
2039 3274 2213 3367 quod
2266 3272 2464 3355 jurati
2519 3269 2771 3355 legibus
2824 3259 3201 3337 judicarunt
3240 3302 3257 3323 .
3330 3260 3705 3321 Commune
3755 3248 3851 3318 est
3916 3304 3940 3339 ‚
3990 3250 4166 3341 quod

1155 3408 1388 3457 omnes
1437 3388 1646 3474 vulgo
1697 3381 2060 3472 probarunt
2105 3428 2129 3462 ,
2179 3377 2251 3445 δε
2312 3372 2509 3440 secuti
2562 3368 2710 3435 sunt
2748 3416 2772 3449 ‚
2820 3357 3194 3437 hujusmodi
3237 3380 3258 3423 ι
3308 3372 3383 3423 ut
3436 3351 3791 3432 majoribus
3840 3372 4015 3422 natu
4070 3350 4166 3419 as·

1157 3488 1514 3576 surgatur,
1563 3502 1642 3549 ut
1695 3481 2068 3567 supplicum
2117 3474 2503 3543 misereatur
2560 3476 2796 3556 (69).
2848 3458 3301 3549 Approbatum
3350 3456 3441 3523 est
3476 3509 3496 3541 ,
3546 3455 3721 3543 quod
3774 3452 4094 3522 homines
4144 3508 4167 3542 ,

1158 3610 1320 3661 cum
1370 3586 1646 3652 dubium
1695 3580 1848 3663 effer
1887 3630 1910 3663 ‚
1980 3574 2172 3666 quale
2242 3571 2468 3639 haberi
2519 3580 2844 3655 oporteret
2883 3613 2905 3646 ‚
2976 3562 3093 3627 Iua
3162 3556 3638 3625 constituerunt
3704 3550 4165 3623 austeritate:

1163 3688 1353 3756 velut
1402 3682 1691 3750 Gracchi
1745 3679 1950 3766 patris
2002 3676 2299 3759 fastum,
2348 3683 2546 3759 (70)
2600 3686 2801 3757 quem
2851 3662 3133 3752 populus
3157 3666 3499 3727 Romanus
3550 3656 3633 3721 ob
3668 3654 3771 3740 id,
3822 3654 4013 3742 quod
4064 3658 4165 3723 in-

1165 3785 1412 3857 sciente
1460 3782 1723 3880 collega
1772 3780 1843 3845 in
1892 3774 2172 3849 censura
2224 3774 2387 3845 nihil
2442 3768 2623 3864 geffit
2666 3818 2693 3857 ,
2740 3763 2877 3857 post
2925 3764 3275 3836 censuram
3324 3758 3673 3833 consulem
3724 3756 3928 3825 feeit.

3850 3862 4063 3925 Com.-

1161 4342 1172 4356 .
1233 4274 1270 4351 (¹
1285 4279 1403 4340 66)
1451 4276 1510 4329 Si
1543 4274 1768 4333 Rhodiis
1791 4286 1961 4357 ⁷quipe
1991 4295 2104 4333 non
2140 4249 2259 4349 ess)
2316 4275 2595 4354 Locus-ex
2699 4262 2922 4348 ceffaria
2945 4256 3125 4331 sunt,
3162 4271 3273 4337 qiu
3310 4247 3481 4308 Greci
3518 4252 3725 4329 voram
3761 4233 4063 4311 τεκμῆθά,
4101 4256 4177 4294 a·

1165 4344 1476 4423 AfffstOtPFC
1511 4384 1530 4410 ³
1579 4346 1748 4407 aher.
1785 4348 1884 4405 lib.
1908 4366 1992 4403 ir.-
2021 4368 2133 4420 cap.
2155 4366 2244 4420 25.
2282 4346 2373 4403 ubi
2412 4334 2604 4401 nescio
2698 4336 2791 4393 tia
2822 4348 2937 4389 non
2968 4324 3257 4401 neceffana
3278 4363 3293 4387 ,
3330 4335 3440 4397 qua
3476 4330 3685 4390 ennom.
3727 4308 3893 4364 Idem
3915 4338 3931 4354 .
3984 4375 3993 4385 ι

1155 4452 1164 4457 ·
1205 4432 1310 4543 11311113ε
1313 4414 1956 4559 ’ἓξὲηέευῖῗκξιὸέὲοὲειωῖ
1967 4419 2287 4547 gerasam,
2324 4416 2468 4497 quod
2508 4434 2597 4470 re-
2776 4410 2941 4476 (69)
2993 4408 3073 4489 Ur
3096 4392 3408 4471 supplicum
3453 4382 3833 4467 ‚misffeaturJ
3902 4368 4181 4475 &sereni-

1267 4546 1274 4557 ,
1631 4560 1641 4570 ¹
1877 4509 1980 4561 gai
2017 4508 2074 4547 us
2135 4510 2251 4548 rem
2286 4486 2605 4545 familiarem
2706 4495 2803 4537 tur
2840 4472 3076 4547 positum
3118 4464 3319 4549 paffitse
3356 4466 3413 4519 δι
3448 4450 3905 4529 impersonaliter
3934 4480 3959 4509 ,
4023 4451 4177 4525 quod

1161 4554 1597 4699 :ffrglgfiggfteh
1625 4561 1940 4691 rsagaull'am
1974 4560 2257 4633 peroravit
2296 4581 2309 4615 ε
2352 4559 2408 4617 Si
2450 4556 2605 4617 vobis
2708 4566 2891 4609 rarum
2926 4542 3005 4601 est
3033 4582 3050 4597 .
3086 4537 3422 4619 Lambenus.
3550 4605 3561 4617 ¹
3732 4634 3737 4637 Ι
3906 4590 3968 4650 C

1159 4694 1384 4757 blicauis
1415 4720 1474 4757 ea
1526 4633 2191 4777 “digerieganilsspzeifitnaeerriss
2204 4672 2239 4758 ἰ
2262 4646 2610 4771 gissafiu‘
2710 4606 3373 4758 diilsmsscatnellas?lqu'ltcllcicell·⁸
3402 4616 3585 4734 pgtt'lffj
3593 4596 3951 4743 Sissffdius
3968 4594 4169 4728 ἓξὲξ

1105 4868 1110 4873 .
1234 4774 1396 4851 (67)
1433 4782 1610 4831 Omne
1647 4792 1841 4865 autern
1877 4816 1894 4833 .
1934 4812 1952 4829 .
1984 4812 2005 4853 .·
2041 4814 2062 4841 ,
2101 4814 2116 4831 .
2147 4772 2477 4849 probabjle)
2514 4772 2606 4848 De
2708 4761 2841 4843 clius
2878 4752 3198 4835 Censores,
3235 4718 3405 4816 cum’,
3444 4749 3506 4828 in
3544 4742 3826 4825 §quiribus
3864 4738 4171 4821 recenseti-

1155 4841 1547 4971 ffi‘i’alfffflllbfiffii
1579 4865 1699 4919 quae
1735 4866 1906 4899 azara
1939 4842 2235 4909 dicuntur-³,
2274 4862 2383 4924 agit
2422 4846 2606 4913 Quin-
2708 4834 2794 4915 dis
2832 4872 2850 4899 ‚
2889 4828 3074 4908 multis
3116 4832 3295 4905 Equos
3332 4818 3649 4903 ademissent
3684 4856 3715 4898 ’.
3742 4808 3961 4887 publica
4003 4829 4167 4870 mvi-

1143 4954 1498 5055 pneumam
1511 4954 1547 5043 .-
1567 4934 1618 4987 5.
1650 4937 1766 4991 cap.
1791 4932 1872 4972 ιο.
1907 4934 2028 4988 pag.
2049 4926 2172 4987 284.
2211 4918 2269 4971 δε
2305 4908 2414 4983 seq.
2460 4918 2607 4971 Cap·—
2709 4886 3809 5037 32:130?nitgtggbiissTi-ffuniigsplegisufi
3824 4884 4168 5011 fluet-arunt.

1224 5059 1388 5123 (68)
1423 5060 1766 5141 Signum-‘esp
1801 5035 1944 5133 qnod
1960 5062 1998 5122 )·
2029 5058 2240 5123 Euneos
2261 5092 2279 5112 .
2315 5054 2405 5112 De
2434 5050 2599 5123 {ignis
2706 4996 2859 5124 nnus
2896 4994 3237 5101 ffimnandus
3266 4984 3477 5096 sempp
3526 4976 3809 5091 (Ji-{celius
3876 4971 4168 5099 coz-{232

1153 5118 1273 5181 1²²⁶
1309 5125 1471 5187 habet
1509 5134 1844 5206 Quintilian.
1901 5126 1995 5183 lib.
2015 5148 2068 5203 3.
2106 5143 2219 5197 cap.
2238 5146 2295 5197 9.
2334 5144 2453 5197 pag.
2473 5132 2597 5189 278·
2704 5118 2889 5179 verbis
2924 5116 3172 5188 juravit,
3210 5110 3251 5168 fi
3287 5107 3422 5182 quid
3460 5107 3519 5164 in
3560 5102 3857 5171 Colle-gam
3896 5098 4171 5157 decerne-

1146 5200 1352 5255 hrum
1385 5204 1418 5265 (
1439 5221 1632 5276 nempe
1650 5202 1981 5275 signorum)
2017 5194 2144 5255 abia
2165 5194 2319 5272 sunt
2352 5214 2461 5273 qua
2500 5214 2597 5252 ne·-
2702 5208 2891 5261 retur,
2926 5208 3045 5251 non
3084 5182 3367 5261 expectato
3404 5178 3473 5241 de
3510 5175 3566 5238 se
3599 5173 3811 5249 judicio
3852 5210 3874 5241 ,
3902 5168 4171 5250 comitem

3966 5260 4097 5301 exi—
