4359 6321
1035 445 1664 538 LIBER
1784 447 2599 548 PRIMUs.·
3032 487 3149 576 29

283 557 527 633 tionis.
597 561 772 630 Item
811 614 832 649 ‚
899 585 1034 652 quae
1086 561 1170 634 ab
1220 563 1358 633 illis
1409 566 1754 654 assumptio
1795 619 1816 652 ,
1889 569 1961 637 δε
2017 567 2461 659 assumptionis
2534 567 2906 660 approbatio
2960 571 3199 645 dicitur

283 662 554 734 eandem
609 661 724 730 sibi
777 663 1272 754 assumptionem
1327 663 1544 734 solam
1595 665 1995 736 videri.1ta
2049 667 2166 755 fit,
2216 685 2291 737 ut
2344 670 2573 739 eadem
2614 675 2865 741 ratione
2916 690 3274 761 argumen-

271 764 430 833 tatio
481 763 760 832 traRata
804 817 824 851 ,
875 766 1021 833 aliis
1071 765 1398 855 tripartita
1438 822 1458 855 ,
1507 767 1652 835 aliis
1701 769 2233 859 quinquepartita
2284 771 2592 840 videatur
2636 821 2651 840 .
2713 781 2939 858 Qare
2986 777 3207 844 evenit
3248 827 3275 860 ,

267 883 345 938 ut
401 888 510 934 res
561 887 694 934 non
746 881 882 933 tam
935 867 1021 932 ad
1074 865 1272 936 usum
1321 868 1576 938 dicendi
1627 872 1986 958 pertineat,
2039 891 2249 961 quam
2304 870 2385 937 ad
2427 873 2753 940 rationem
2792 876 3271 962 praeceptionis.

373 967 580 1055 Nobis
630 986 857 1036 autem
908 969 1317 1038 commodior
1368 971 1480 1038 illa
1533 974 1798 1060 partitio
1849 973 2106 1042 videtur
2150 972 2273 1040 esse
2313 1024 2335 1059 ,
2405 996 2547 1063 quae
2602 974 2669 1039 in
2720 977 3011 1064 quinque
3061 992 3271 1065 partes

269 1066 607 1138 distributa
658 1068 798 1154 est,
848 1090 1052 1160 quam
1102 1091 1336 1138 omnes
1387 1070 1464 1138 ab
1487 1070 1844 1140 Aristotele
1899 1071 2445 1164 &Theophrasto
2495 1073 2769 1161 profesti
2829 1077 3123 1146 maxime
3179 1077 3273 1144 se-

269 1171 414 1236 cuti
467 1165 615 1238 sunt
654 1219 670 1238 .
745 1175 924 1239 Nam
974 1171 1534 1262 quemadmodum
1604 1172 1770 1240 illud
1828 1172 2125 1264 superius
2177 1194 2391 1266 genus
2460 1177 3029 1264 argumentandi,
3096 1174 3271 1267 quod

263 1291 388 1359 per
436 1271 896 1342 induitionem
949 1273 1234 1342 sumitur
1272 1328 1295 1360 ‚
1363 1275 1658 1342 maxime
1707 1281 2012 1344 Socrates
2083 1279 2152 1346 &
2208 1276 2521 1346 Socratici
2594 1276 3111 1345 traCtaverunt:
3182 1279 3271 1346 sic

263 1369 436 1457 hoc,
489 1374 666 1462 quod
724 1369 832 1462 p'er
886 1376 1456 1444 ratiocinationem
1509 1376 1844 1464 expolitur
1881 1431 1902 1464 ,
1955 1377 2214 1446 summe
2259 1377 2354 1445 est
2405 1377 2487 1446 ab
2536 1377 2927 1465 Aristotele,
2976 1393 3177 1467 atque
3228 1399 3271 1444 a

265 1473 714 1560 Peripateticis
753 1529 772 1560 ,
843 1475 912 1546 δε
975 1474 1422 1564 Theophrasto
1495 1477 2050 1568 frequentatum3
2125 1479 2358 1547 deinde
2424 1499 2465 1544 a
2515 1477 2891 1546 rhetoribus
2942 1480 3021 1546 iis
3061 1531 3083 1566 ,
3152 1481 3270 1568 qui

269 1570 734 1690 elegantissimi
777 1629 796 1662 ,
846 1592 1039 1668 atque
1092 1575 1488 1647 artificiosiss
1497 1582 1590 1647 mi
1643 1583 1850 1669 putati
1903 1581 2113 1648 sunt‘.
2169 1585 2395 1662 Quare
2452 1594 2675 1646 autem
2728 1579 2907 1646 nobis
2958 1578 3075 1646 illa
3128 1602 3271 1646 ma-

265 1673 374 1760 gis
423 1675 686 1760 partitio
741 1675 1087 1766 probetur,
1136 1678 1494 1748 dicendum
1551 1681 1847 1768 videtur,
1898 1705 1982 1752 ne
2033 1696 2285 1750 temere
2338 1680 2539 1750 secuti
2592 1695 2942 1768 putemur.
3003 1681 3071 1748 δε
3130 1678 3269 1750 bre-

267 1772 437 1839 viter
489 1775 910 1869 dicendum,
963 1801 1047 1848 ne
1099 1782 1168 1847 in
1221 1781 1607 1862 huiusmodi
1660 1782 1952 1874 diutius,
2001 1803 2207 1876 quam
2260 1784 2425 1852 ratio
2476 1779 2881 1872 praecipiendi
2935 1781 3267 1870 postulat,
3232 1833 3277 1884 ,-

269 1893 802 1945 commoremur.

373 1975 700 2040 xxxvl.
727 1977 820 2041 -Si
872 1979 1163 2064 quadam
1213 1982 1281 2044 in
1333 1989 1902 2070 argumentatione
1955 1987 2106 2056 satis
2157 1987 2253 2056 est
2304 1989 2401 2055 uti
2455 1986 2953 2074 propositione,
3002 1986 3073 2054 &
3133 2004 3267 2052 non

266 2087 526 2159 oportet
581 2073 954 2164 adjungere
1003 2074 1535 2170 approbationem
1587 2084 2066 2168 propositioni·
2043 2139 2066 2171 ,
2139 2087 2431 2175 quadam
2481 2101 2705 2154 autem
2776 2087 2843 2151 in
2897 2104 3265 2174 argumen-

265 2172 516 2240 tatione
567 2175 837 2243 infirma
890 2173 982 2242 est
1035 2177 1444 2265 propositio,
1497 2179 1618 2247 nifi
1673 2181 1984 2259 adjunaa
2021 2183 2113 2248 fit
2163 2185 2545 2270 approbatio
2587 2210 2607 2266 ;
2662 2185 3033 2269 separatum
3082 2185 3269 2272 quid-

263 2273 426 2340 dam
476 2272 566 2342 est
617 2295 654 2342 a
709 2276 1144 2366 propositione
1197 2278 1630 2364 approbatio.
1711 2281 1909 2361 Quod
1957 2283 2142 2350 enim
2192 2283 2467 2371 adjungi
2539 2283 2609 2350 ὃ(
2670 2281 2947 2368 separari
3018 2283 3097 2348 ab
3149 2284 3271 2349 ali-

277 2395 416 2464 quo
462 2378 661 2464 potest
698 2430 717 2463 ,
767 2377 833 2444 id
884 2399 1018 2444 non
1077 2377 1272 2464 potest
1327 2377 1498 2443 idem
1548 2377 1667 2444 effe
1709 2427 1730 2461 ,
1779 2379 1954 2467 quod
2003 2383 2096 2445 est
2149 2381 2255 2444 id
2252 2433 2274 2464 ,
2325 2381 2405 2448 ad
2460 2381 2633 2469 quod
2686 2380 3075 2470 adjungitur
3118 2433 3139 2468 ‚
3192 2385 3265 2451 δε

261 2495 302 2540 a
347 2477 917 2567 quoseparatur.
975 2477 1095 2552 Est
1146 2493 1366 2546 autem
1386 2479 1692 2568 quaedam
1731 2481 2266 2571 argumentatio,
2318 2482 2385 2546 in
2442 2501 2573 2569 qua
2593 2481 2936 2568 propositio
2984 2502 3115 2548 non
3168 2484 3269 2548 in·

265 2575 452 2666 diget
505 2580 958 2667 approbatione
977 2605 1002 2666 ,-
1057 2581 1129 2648 &
1186 2577 1535 2668 quaedam,
1585 2582 1656 2648 in
1709 2599 1838 2668 qua
1897 2580 2060 2649 nihil
2121 2579 2297 2648 valet
2350 2577 2592 2670 absque
2646 2580 3140 2667 approbatione,
3190 2599 3267 2650 ut

263 2676 696 2746 ostendemus
734 2728 750 2744 .
825 2685 1132 2768 separata
1183 2679 1278 2745 est
1323 2681 1526 2769 igitur
1582 2700 1620 2747 a
1668 2681 2093 2770 propositione
2144 2679 2531 2770 approbatio
2562 2699 2584 2747 ’.
2658 2679 3093 2750 Ostendemus
3148 2701 3265 2748 au-

259 2793 400 2842 tem
449 2778 514 2844 id
555 2829 576 2864 ,
644 2777 818 2870 quod
872 2779 1144 2868 polliciti
1198 2779 1428 2850 sumus
1468 2836 1488 2869 ,
1559 2782 1686 2852 hoc
1741 2781 1994 2851 modo:
2065 2785 2227 2867 Qae
2282 2779 2637 2870 propositio
2709 2784 2777 2847 in
2836 2781 2899 2848 se
2949 2780 3267 2870 quiddam

255 2879 550 2948 continet
600 2881 1018 2970 perspicuum
1059 2933 1081 2969 ,
1145 2902 1224 2948 eo
1278 2883 1454 2972 quod
1503 2881 1802 2952 constare
1855 2884 2024 2952 inter
2074 2903 2307 2951 omnes
2356 2884 2597 2954 necesse
2646 2881 2737 2949 est
2776 2933 2797 2966 ,
2866 2881 3037 2949 lianc
3094 2883 3266 2948 velle

255 2977 622 3070 approbare
673 2983 744 3052 &
800 2981 1076 3052 firmare
1128 2983 1292 3052 nibil
1347 2988 1582 3052 attinet
1623 3031 1640 3051 .
1697 2987 1794 3052 Ea
1841 2984 1932 3052 est
1982 2983 2359 3063 hujusmodi
2402 3003 2418 3048 z
2474 2986 2581 3070 Si,
2632 3003 2766 3073 quo
2816 2981 2923 3050 die
2978 2981 3093 3050 ista
3142 3006 3263 3070 ca:-

259 3082 376 3148 des
437 3087 664 3149 Romae
723 3082 899 3150 fasta
947 3084 1040 3151 est
1077 3137 1097 3170 ,
1149 3104 1278 3175 ego
1331 3087 1616 3154 Athenis
1667 3107 1746 3152 eo
1801 3085 1907 3153 die
1963 3087 2060 3153 fui
2101 3137 2122 3170 ,
2171 3087 2458 3154 interesse
2510 3089 2581 3154 in
2636 3084 2805 3152 caede
2856 3104 2991 3150 non
3044 3085 3269 3172 potui.

241 3184 432 3246 ·Hoc
485 3185 640 3269 quia
689 3181 1022 3267 perspicue
1076 3206 1310 3253 verum
1363 3188 1492 3274 est,
1545 3186 1714 3257 nihil
1766 3190 2002 3255 attinet
2055 3185 2437 3277 approbari.
2486 3192 2718 3271 Quare
2770 3186 2998 3253 assumi
3049 3186 3265 3252 statim

265 3296 524 3367 oportet
569 3333 590 3367 ,
643 3279 766 3347 hoc
819 3280 1014 3347 modo
1051 3302 1072 3341 .·
1129 3284 1255 3349 Fui
1309 3304 1530 3355 autem
1582 3286 1868 3354 Athenis
1915 3308 1995 3355 eo
2045 3288 2148 3353 die
2187 3334 2202 3351 .
2259 3290 2404 3362 Hoc
2461 3287 2507 3351 si
2560 3306 2694 3350 non
2746 3284 3045 3365 constat,
3096 3286 3265 3349 indi-

260 3400 374 3471 get
433 3380 974 3473 approbationis:
1030 3400 1160 3471 qua
1213 3382 1529 3471 induita,
1579 3388 1962 3472 complexio
2009 3384 2443 3469 consequetur
2481 3406 2499 3441 ι
2556 3382 2769 3465 Igitur
2824 3382 2890 3443 in
2943 3378 3117 3445 carde
3171 3382 3267 3447 in-

257 3484 492 3553 teresse
545 3505 682 3553 non
735 3484 973 3572 potui.
1051 3482 1160 3549 Est
1210 3483 1416 3571 igitur
1465 3484 1766 3571 quaedam
1819 3480 2160 3568 propositio
2201 3532 2221 3564 ,
2270 3502 2413 3569 quae
2464 3498 2599 3545 non
2652 3474 2905 3564 indiget
2956 3477 3269 3565 approba.

257 3584 440 3654 tione
481 3634 498 3650 .
575 3589 756 3651 Nam
807 3586 928 3648 effe
981 3583 1254 3673 quidem
1308 3581 1649 3670 quandam
1692 3634 1712 3666 ,
1781 3600 1924 3666 qnae
1975 3580 2271 3667 indigeat
2308 3631 2329 3663 ,
2380 3577 2539 3665 quid
2588 3578 2829 3642 attinet
2876 3576 3206 3645 ostendere
3242 3630 3267 3665 ,

257 3684 442 3771 quod
495 3682 708 3749 cuivis
774 3680 966 3747 facile
1017 3683 1432 3769 perspicuum
1482 3680 1640 3747 est?
1715 3678 1916 3766 Qod
1989 3679 2036 3743 fi
2087 3679 2176 3743 ita
2227 3676 2377 3762 est,
2444 3698 2525 3743 ex
2580 3676 2763 3763 hoe,
2830 3677 2901 3746 δε
2976 3697 3059 3743 ex
3116 3698 3265 3766 e0,

257 3782 438 3873 quod
486 3779 1091 3872 proposueramus,
1164 3782 1286 3847 boc
1338 3778 1752 3867 conficitur,
1825 3775 2193 3867 separatum
2242 3778 2365 3846 esse
2414 3776 2732 3868 quiddam
2802 3796 2842 3843 a
2892 3778 3265 3865 propositio·

255 3904 346 3949 ne
396 3882 964 3971 approbationem.
1015 3883 1082 3949 Si
1133 3897 1356 3951 autem
1410 3881 1504 3947 ita
1553 3878 1684 3968 est,
1730 3832 1984 3949 ’falsum
2035 3879 2126 3949 est
2177 3900 2315 3949 non
2366 3880 2489 3948 effe
2543 3878 2758 3969 plus,
2804 3898 3051 3991 quamn
3066 3898 3266 3969 argu·

249 3986 790 4051 mentationem.

360 4084 584 4153 Simili
623 4086 824 4155 modo
863 4087 1068 4175 liquet
1107 4086 1388 4155 alteram
1429 4106 1690 4178 quoque
1746 4082 2277 4175 approbationem
2334 4082 2695 4172 separatam
2734 4080 2857 4149 esse
2910 4080 2991 4149 ab
3028 4084 3260 4151 assum·

251 4188 512 4275 ptione.
569 4192 749 4254 Nam
805 4186 850 4253 fi
889 4186 1174 4276 quadam
1225 4190 1294 4254 in
1342 4190 1933 4277 argumentatione
1971 4186 2126 4255 satis
2179 4186 2271 4255 est
2312 4188 2408 4253 uti
2444 4183 2877 4275 assumptione
2918 4235 2940 4270 ,
2992 4184 3061 4255 &
3120 4208 3261 4254 non

251 4304 506 4376 oportet
547 4289 915 4379 adiungere
949 4288 1490 4379 approbationem
1548 4291 1956 4377 assumptioni
1997 4316 2016 4376 3
2067 4286 2359 4378 quadam
2418 4302 2641 4353 autem
2702 4288 2769 4352 in
2830 4305 3265 4373 argumenta-

255 4391 442 4457 tione
484 4392 756 4459 infirm'a
808 4389 902 4459 est
941 4391 1341 4480 assumptio,
1397 4390 1514 4457 nisi
1556 4390 1864 4469 adiunaa
1929 4391 2002 4458 fit
2044 4386 2421 4478 approbatio
2460 4413 2477 4455 ι
2534 4388 2915 4477 separatum
2950 4388 3263 4477 quiddam

253 4488 350 4556 est
401 4508 586 4559 extra
647 4491 1162 4581 assumptionem
1221 4490 1631 4580 approbatio.
1683 4490 1791 4559 Est
1829 4508 2052 4559 autem
2107 4490 2601 4579 argumentatio
2635 4487 2975 4579 quaeda‘m,
2976 4547 2978 4549 .
3026 4490 3093 4554 in
3132 4506 3265 4575 qua.

253 4578 620 4681 assumptio
677 4614 812 4661 non
853 4596 1110 4681 indiget
1159 4592 1683 4684 approbationis;
1739 4594 2041 4711 quaedam
2083 4608 2309 4660 autem
2357 4644 2375 4676 ‚
2428 4590 2495 4657 in
2539 4611 2669 4681 qua
2714 4587 2879 4657 nihil
2924 4589 3095 4655 valet
3134 4586 3267 4653 sine

253 4691 797 4783 approbatione,
841 4712 914 4764 ut
965 4694 1431 4763 ostendemus.
1487 4699 1794 4785 separata
1846 4692 1938 4761 est
1988 4694 2189 4785 igitur
2240 4692 2321 4759 ab
2370 4692 2799 4795 assumptione
2850 4687 3264 4782 approbatio.

365 4793 810 4867 Ostendemus
861 4802 1085 4866 autem
1141 4798 1244 4884 i·,d
1293 4796 1464 4888 quod
1516 4797 1787 4885 polliciti
1837 4794 2107 4883 sumus,
2160 4794 2284 4863 hoc
2338 4794 2581 4863 modo:
2637 4790 2805 4878 Quae
2853 4789 3264 4882 perspicuam

259 4892 576 4967 Omnibus
629 4901 969 4968 veritatem
1023 4902 1321 4969 continet
1375 4898 1777 4991 assumptiO,
1849 4898 2014 4965 nihil
2090 4896 2345 4987 indiget
2412 4894 2937 5011 approbationis.
3011 4889 3103 4951 Ea
3170 4886 3265 4955 est

255 4994 602 5078 huJs'modi
645 5026 661 5065 z
715 5004 788 5070 Si
834 5018 1090 5093 oportet
1145 5000 1427 5093 sapere,
1473 5001 1626 5071 dare
1679 5018 1946 5091 operam
1996 4998 2426 5088 Philosophiae
2479 4998 2849 5079 convenit.
2898 4990 3059 5055 Haec
3118 5010 3261 5075 pro-

2998 5088 3158 5183 fosi-

3490 3876 3535 3952 ᾳ
3544 3876 3661 3993 yffi
3676 3887 3735 3925 ei
3744 3856 4004 3967 [estam

3922 3926 4079 3980 ΜΛ
