4359 6321
901 432 1524 523 LIBER
1648 432 2463 524 PRIMUS.
2944 463 3117 565 133

372 551 624 621 XLIII.
678 550 934 617 Nonne
977 548 1260 637 videtis,
1310 552 1600 641 equitem
1655 554 2037 617 Romanum
2067 541 2484 637 ‚hominem
2536 552 2895 623 acutiffimo
2942 562 3249 628 omnium

263 653 537 742 ingenio
575 704 597 737 ‚
652 648 760 719 sed
811 652 1087 719 minime
1135 654 1390 721 caeteris
1443 648 1689 719 artibus
1743 652 2083 720 eruditum
2120 706 2143 739 ,
2188 655 2732 725 -C.Aculeonem
2807 660 3006 745 (81)
3045 710 3064 743 ‚
3132 662 3249 747 qui

249 774 534 823 mecum
587 752 758 818 vivit
796 806 816 838 ‚
887 756 1268 842 semperque
1319 754 1487 820 vixit
1533 806 1556 841 ‚
1603 753 1692 821 ita
1747 770 1968 821 tenere
2024 755 2130 832 jus
2178 754 2374 825 civile
2410 810 2433 845 ‚
2482 773 2554 826 ut
2602 758 2721 846 ei,
2768 779 2925 825 cum
2980 757 3061 824 ab
3108 758 3246 827 hoc

249 853 676 925 discesseritis
729 856 922 940 (82)
963 908 983 940 ‚
1036 875 1236 921 nemo
1284 854 1367 920 de
1417 855 1502 921 iis
1536 906 1558 942 ,
1630 857 1746 944 qui
1799 855 2153 944 peritissimi
2208 854 2401 942 sunt,
2452 864 2945 949 anteponatur?
2996 858 3246 925 Omnia

247 958 437 1026 enim
495 954 646 1023 sunt
696 954 901 1044 polita
953 973 1106 1023 ante
1157 955 1430 1042 oculos,
1481 954 1818 1024 collocata
1871 956 1940 1021 in
1991 954 2114 1023 usu
2169 956 2551 1045 quotidiano
2590 1013 2609 1045 ,
2677 962 2745 1027 in
2798 954 3245 1051 congreffione

245 1056 652 1144 hominum,
711 1072 908 1147 atque
961 1060 1032 1124 in
1085 1059 1273 1124 foro:
1325 1077 1540 1147 neque
1587 1059 1680 1123 ita
1731 1057 1963 1125 multis
2017 1057 2262 1143 literis,
2312 1074 2427 1126 aut
2479 1060 2926 1133 voluminibus
2976 1067 3243 1153 magnis

244 1162 676 1227 continentur
725 1206 742 1223 .
818 1158 1064 1225 Eadem
1115 1159 1300 1224 enim
1351 1156 1502 1225 sunt
1552 1160 1728 1225 elata
1795 1166 1995 1245 (83)
2068 1160 2357 1245 primum
2432 1178 2470 1223 a
2520 1158 2880 1253 pluribus.-
2956 1162 3183 1230 deinde
3218 1214 3241 1249 ,

241 1261 473 1345 paucis
529 1256 751 1327 verbis
805 1260 1235 1327 commutatis
1274 1312 1294 1344 ,
1339 1258 1546 1326 etiam
1599 1255 1680 1325 ab
1729 1258 1957 1327 iisdem
2011 1256 2424 1348 scriptoribus
2476 1263 2708 1349 scripta
2768 1260 2921 1334 sunt
2970 1262 3237 1351 saepius.

351 1360 628 1428 Accedit
687 1380 845 1428 vero
883 1414 903 1447 ,
975 1381 1109 1450 quo
1159 1360 1421 1430 facilius
1473 1360 1714 1449 percipi
1764 1358 2200 1450 cognoscique
2271 1362 2375 1439 ius
2424 1363 2623 1428 civile
2676 1362 2861 1449 poffit
2915 1415 2935 1447 ‚
3002 1363 3237 1453 (quod

245 1463 532 1529 minime
586 1462 886 1550 plerique
938 1460 1396 1551 arbitrantur)
1473 1462 1642 1529 mira
1708 1462 2006 1553 quaedam
2097 1463 2166 1530 in
2255 1461 2712 1551 cognoscendo
2784 1462 3071 1537 suavitas
3158 1465 3232 1531 δε

240 1561 590 1629 ἀεῐεὲὶειτῐο
627 1611 643 1628 .
719 1567 900 1630 Nam
944 1616 966 1651 ,
1035 1562 1168 1631 five
1237 1584 1442 1655 quem
1514 1564 1731 1631 aliena
1801 1562 2005 1630 studia
2054 1560 2442 1648 ‹idest-ant,
2518 1562 2806 1651 plurima
2874 1560 2965 1628 est
3032 1566 3104 1633 δε
3165 1564 3234 1630 in

241 1662 426 1730 omni
477 1665 623 1742 jure
672 1664 915 1752 civili,
987 1667 1056 1734 &
1111 1666 1210 1731 in’
1235 1664 1636 1756 pontificum
1687 1662 1870 1734 libris
1907 1717 1928 1752 ,
1999 1666 2070 1733 &
2148 1666 2219 1729 in
2270 1668 2423 1731 XII.
2446 1663 2683 1730 tabulis
2735 1716 2754 1748 ,
2826 1664 3232 1753 antiquitatis

242 1763 553 1852 effigies3
602 1788 736 1853 quo
803 1767 874 1835 δε
939 1764 1290 1833 verborum
1345 1766 1557 1855 prisca
1617 1766 1904 1836 vetustas
1958 1764 2372 1854 cognoscitur
2412 1818 2433 1849 ,
2506 1768 2575 1835 δε
2632 1764 2974 1833 astionum
3026 1786 3229 1854 gene-

242 1881 319 1925 ra
369 1862 671 1959 quaedam
715 1915 738 1946 ,
785 1867 1122 1939 maiorum
1173 1866 1722 1935 consuetudinem
1775 1870 2116 1955 vitamque
2163 1865 2499 1934 declarant
2535 1917 2549 1933 .
2622 1868 2771 1933 Sive
2846 1868 2995 1955 quis
3066 1866 3228 1933 civi-

239 1960 377 2028 lem
433 1960 770 2030 scientiam
845 1964 1321 2050 contempletur
1363 2018 1383 2049 ,
1451 1977 1704 2054 (quam
1757 1967 2044 2033 Scaevola
2119 1988 2251 2032 non
2304 1984 2489 2055 putat
2540 1968 2816 2034 oratoris
2883 1968 3005 2036 effe
3078 1988 3229 2054 pro-

235 2064 452 2152 priam
496 2115 516 2147 ,
589 2061 696 2131 sed
763 2062 1106 2141 cujusdam
1174 2083 1262 2130 ex
1333 2065 1463 2131 alio
1515 2084 1754 2153 genere
1823 2064 2233 2153 prudentiae)
2306 2083 2515 2131 totam
2585 2068 2757 2133 hanc
2796 2119 2851 2150 ,,
2885 2065 3225 2152 descriptis

236 2162 548 2230 omnibus
599 2165 882 2231 civitatis
936 2163 1328 2233 utilitatibus
1397 2186 1474 2232 ac
1542 2163 1830 2253 partibus
1870 2216 1890 2249 ,
1963 2167 2120 2229 XII.
2145 2165 2389 2230 tabulis
2460 2165 2793 2233 contineri
2865 2164 3166 2231 videbitis
3206 2214 3225 2233 .

238 2263 392 2331 Sive
440 2286 643 2355 quem
695 2264 813 2331 ista
867 2284 1219 2353 praepotens
1305 2268 1376 2335 δε
1452 2264 1745 2354 gloriosa
1815 2263 2224 2351 philosophia
2274 2264 2555 2331 delestat
2603 2318 2624 2349 ‚
2688 2265 2953 2349 (dicam
3020 2263 3223 2331 auda-

233 2367 484 2451 ciuS‚)
554 2366 750 2433 hosce
805 2364 994 2432 habet
1048 2368 1262 2433 fontes
1313 2373 1624 2433 omnium
1677 2363 2197 2453 disputationum
2253 2364 2524 2433 suarum
2569 2416 2590 2449 ,
2657 2366 2771 2454 qui
2840 2366 2987 2443 jure
3038 2366 3223 2431 civili

229 2471 302 2538 &
364 2465 618 2557 legibus
674 2468 1097 2535 continentur
1135 2515 1152 2533 .
1229 2470 1332 2531 Ex
1383 2466 1490 2534 his
1542 2467 1728 2534 enim
1801 2467 1872 2533 δι
1947 2464 2348 2553 dignitatem
2406 2458 2715 2532 ⁴maxime
2782 2468 3221 2552 expetendam

229 2566 580 2655 videmuS,
628 2588 784 2636 cum
841 2589 1082 2654 verus,
1134 2566 1380 2656 justUS,
1431 2587 1628 2657 atque
1679 2564 1985 2662 honestus
2037 2566 2224 2633 labor
2278 2563 2631 2633 honoribus
2669 2619 2693 2653 ,
2748 2568 3068 2652 praemiis,
3120 2582 3221 2633 at-

227 2693 356 2759 que
409 2670 754 2760 splendore
803 2668 1148 2738 decoratur
1191 2696 1212 2757 3
1286 2670 1445 2735 vitia
1515 2686 1738 2736 autem
1789 2668 2144 2736 hominum
2216 2685 2411 2759 atque
2487 2666 2751 2736 fraudes
2796 2718 2817 2751 ,
2888 2666 3157 2737 damnis
3194 2720 3219 2751 ‚

226 2772 655 2860 ignominii5‚
706 2772 1040 2858 vinculis,
1090 2766 1460 2839 verberibus
1485 2809 1510 2857 ‚·
1555 2769 1816 2855 exiliis,
1866 2784 2079 2837 morte
2135 2770 2551 2839 multantur:
2606 2770 2677 2837 &
2722 2765 3039 2837 docemur
3079 2789 3216 2834 non

225 2872 503 2942 infinitis
542 2926 567 2959 ‚
616 2875 1310 2963 concertationumque
1364 2874 1575 2960 plen.s
1625 2868 2215 2961 disputationibus,
2271 2868 2379 2936 sed
2435 2870 2865 2953 austoritaoe,
2918 2886 3219 2957 nutuque

224 2972 458 3060 legum
509 2975 788 3039 domitas
835 2972 1069 3041 habere
1118 2973 1416 3043 libidines
1453 3026 1472 3057 ,
1541 2992 1842 3040 coercere
1892 2993 2122 3040 omnes
2169 2972 2570 3063 cupiditates
2611 3024 2635 3058 ,
2710 2968 2929 3040 nostra
2978 2973 3147 3039 tueri
3189 3023 3214 3057 ,
3261 2964 3269 2969 ’

225 3070 312 3133 ab
359 3074 586 3138 alienis
636 3089 888 3137 mentes
925 3125 949 3156 2
996 3076 1270 3158 oculos,
1325 3094 1557 3141 manus
1609 3072 1954 3140 abstinere.

273 3181 282 3194 ¹
333 3173 584 3267 XLIV.
639 3173 956 3238 Fremant
1006 3193 1235 3238 omnes
1289 3173 1480 3256 licet,
1526 3177 1745 3241 dicam
1798 3176 1968 3261 quod
2025 3174 2287 3243 sentio:
2356 3177 2779 3258 bibliothecas
2835 3175 3212 3258 mehercule

224 3274 536 3340 omnium
585 3267 1116 3360 philosophorum
1166 3293 1341 3338 unus
1395 3273 1560 3338 mihi
1613 3276 1870 3337 videtur
1927 3275 2081 3338 ΧΠ.
2139 3274 2520 3342 tabularum
2572 3275 2831 3341 libellus
2875 3325 2895 3354 ,
2964 3274 3011 3338 fi
3062 3274 3211 3360 quis

223 3374 458 3462 legum
511 3372 726 3441 fontes
779 3375 849 3441 &
907 3371 1117 3459 capita
1167 3369 1464 3456 viderit,
1533 3375 1600 3440 &
1660 3367 2060 3438 'auetoritatis
2114 3374 2399 3461 pondere
2438 3425 2457 3456 ‚
2530 3376 2599 3441 &
2676 3369 2974 3439 utilitatis
3023 3369 3212 3435 uber..

219 3491 357 3541 tate
409 3475 712 3562 superare
751 3521 768 3538 .
821 3478 923 3539 Ac
978 3471 1024 3538 fi
1078 3493 1200 3538 nos
1237 3523 1256 3555 ,
1323 3469 1389 3536 id
1443 3473 1616 3558 quod
1669 3471 1964 3537 maxime
2012 3471 2203 3540 debet
2243 3524 2263 3556 ,
2333 3469 2547 3540 nostra
2600 3469 2804 3566 patria
2858 3465 3133 3534 deleEtat
3188 3523 3213 3556 ,

217 3575 416 3653 cujus
466 3577 558 3642 rei
613 3589 794 3642 tanta
845 3572 937 3640 est
987 3574 1127 3657 νίς,
1179 3593 1258 3638 ac
1310 3586 1490 3638 tanta
1543 3589 1821 3655 natura,
1871 3587 1949 3638 ut
1997 3573 2301 3642 Ithacam
2351 3571 2540 3638 illam
2596 3575 2663 3638 in
2717 3567 3089 3658 asperrimis
3114 3567 3209 3638 fi».-

216 3677 440 3760 xulis‚
489 3659 814 3765 tanquam
867 3672 1212 3759 nidulum,
1261 3671 1573 3758 affixam,
1626 3671 2118 3758 sapientiffimus
2177 3675 2277 3740 vir
2332 3679 2531 3761 (84)
2585 3666 3219 3738 immortalitatian.

229 3795 631 3864 reponeret;
701 3797 834 3866 quo
884 3795 1106 3841 amore
1173 3773 1438 3838 tandem
1509 3769 1908 3840 inflammati
1979 3773 2114 3840 esse
2184 3771 2503 3840 debemus
2570 3773 2635 3838 in
2708 3765 3025 3849 ejusmodi
3094 3791 3209 3858 pa-

215 3880 423 3943 triam
464 3932 486 3966 ‚
532 3899 674 3968 quae
727 3895 860 3944 una
910 3877 979 3942 in
1037 3873 1344 3942 omnibus
1393 3876 1582 3942 terris
1633 3875 1872 3940 domus
1922 3871 2012 3939 est
2069 3875 2383 3959 virtuti3‚
2434 3873 2735 3960 imperii,
2783 3869 3126 3958 dignitatis
3168 3873 3207 3932 ,ἒ

213 3979 436 4056 Cujus
489 3980 782 4068 primum
831 3976 1018 4044 nobis
1071 3995 1296 4059 mens,
1350 3995 1540 4060 mos,
1590 3972 1937 4062 disciplina
1974 4027 1995 4060 ,
2045 3991 2201 4041 nota
2252 3973 2393 4042 esse
2440 3971 2625 4041 debet
2666 3999 2689 4060 3
2744 3970 2853 4038 vel
2906 3973 3059 4060 quia
3110 3971 3205 4038 est

213 4080 430 4166 patria
486 4101 718 4167 parens
766 4077 1068 4144 omnium
1121 4075 1414 4143 nostrum
1454 4128 1473 4160 ,
1530 4075 1636 4142 vel
1688 4077 1842 4162 quia
1891 4093 2071 4144 tanta
2132 4073 2433 4164 sapientia
2494 4072 2691 4140 fuisse
2740 4076 2807 4141 in
2860 4073 3003 4152 jure
3044 4094 3204 4140 con-

208 4178 538 4249 stituendo
608 4178 900 4270 putanda
969 4175 1061 4244 est
1107 4231 1134 4264 ,
1200 4191 1446 4266 quanta
1515 4177 1642 4244 fuit
1710 4178 1782 4244 in
1851 4177 1959 4246 his
2022 4178 2221 4244 tantis
2287 4178 2517 4266 opibus
2586 4175 2849 4263 imperii
2940 4191 3207 4262 compa-

205 4281 472 4349 randi-s.

2943 4383 3095 4444 Per-

630 4483 638 4490 ι

281 4651 392 4707 (8ι
426 4651 450 4707 )
493 4654 554 4702 C.
595 4656 718 4702 Acu
753 4669 926 4702 mmm
979 4679 990 4705 2
1050 4650 1160 4703 luc
1197 4665 1354 4718 eques
1391 4650 1664 4706 Romanus
1765 4687 1774 4694 ·
1838 4649 2000 4718 (83)
2037 4654 2247 4704 Lao)
2288 4645 2459 4710 (Σκιάς
2501 4653 2571 4708 11,
2611 4645 2833 4702 ulva?
2880 4647 3081 4699 Mun-t.

212 4715 520 4773 Ciceronis
557 4735 898 4773 materteram
937 4717 1096 4774 duxit
1133 4738 1392 4776 uxorem:
1434 4736 1664 4790 propte-
1841 4721 2006 4784 (84)
2056 4715 2475 4790 ‘spientsffimus
2508 4721 2647 4778 var)
2700 4711 2923 4783 Ulyfl‘es
2958 4711 3203 4774 stilicen·

211 4806 304 4842 rea
345 4783 492 4841 filios
549 4787 842 4844 Aculeonis
881 4791 1086 4847 Cicero
1140 4788 1507 4848 consobrinos
1542 4789 1663 4846 suos
1763 4789 1848 4846 cui
1920 4791 2172 4860 Calypso
2242 4793 2487 4861 pollicita
2556 4785 2633 4844 est
2685 4782 3141 4842 immortalitatem
3176 4819 3199 4844 ,

213 4875 386 4914 vocat
427 4855 524 4912 hb·
566 4878 644 4913 n·
686 4859 752 4914 dc
789 4861 1068 4919 Oratore.
1113 4860 1360 4933 msteus
1384 4901 1399 4917 .
1764 4859 1934 4920 modo
1971 4859 2148 4920 secum
2186 4879 2403 4922 manere
2437 4877 2711 4934 perpetuo
2748 4855 2919 4914 vellet
2944 4893 2961 4910 .
2998 4847 3204 4920 Odyss-

283 4936 309 4994 (
337 4933 452 4990 82.)
494 4935 635 4986 Cum
669 4933 742 4988 ab
777 4933 874 4990 lm·
911 4929 1241 5007 discefferitis
1271 4938 1300 4999 )
1349 4931 1608 5002 Scilicet,
1635 4951 1664 4990 a
1771 4931 1871 4991 lib.
1909 4952 1971 4993 r.

213 5001 464 5062 scaevola
491 5041 512 5058 .
543 5001 797 5061 Strebaeus
814 5044 833 5062 .
