4359 6321
1261 512 1392 601 90
1761 476 1932 563 DE
1995 469 2787 562 INVENTIONE
2840 466 3583 569 RHETORICA

1139 593 1654 680 neceffitudini3‚
1702 596 1814 662 cui
1868 593 2060 661 nulla
2115 594 2185 660 vi
2236 588 2437 659 resisti
2488 589 2696 680 potest
2735 643 2756 678 ‚
2806 614 2951 681 quae
3002 616 3212 685 neque
3268 600 3515 665 mutari
3558 649 3579 684 ,
3650 614 3871 691 neque
3944 601 4129 675 leniri

1140 700 1344 795 potest
1379 745 1398 763 .
1458 696 1856 776 Huiusmodi
1911 693 2460 779 neceffitudinesz,
2528 712 2689 759 cum
2742 693 2812 760 in
2866 694 3132 763 dicendi
3185 699 3477 766 rationes
3532 697 3829 769 incident
3871 753 3894 788 ,
3964 706 4137 774 reite

1141 798 1644 871 neceffitudines
1694 795 2202 890 appellabuntur
2242 837 2261 860 .
2332 794 2447 860 Sin
2498 794 2733 883 aliquae
2785 815 2889 862 res
2941 796 3225 865 incident
3275 796 3573 867 difficiles
3609 851 3632 888 ‚
3709 801 3779 869 in
3856 802 3983 871 illa
4040 806 4145 876 su-

1139 904 1425 995 periori,
1475 904 1740 993 poffitne
1791 902 1978 983 fieri,
2032 894 2381 985 questione
2426 892 2987 964 considerabimus
3017 946 3034 963 .
3674 927 3679 937 ·

1245 1009 1470 1095 Atque
1517 1008 1717 1074 etiam
1769 1004 1895 1070 hoc
1946 1000 2112 1067 mihi
2166 997 2391 1063 videor
2444 996 2666 1064 videre
2704 1046 2725 1080 ,
2794 999 2915 1066 esse
2963 999 3280 1089 quasdam
3330 992 3978 1083 cumladjnnstione
4030 1028 4146 1076 ne-

1143 1110 1550 1177 ceffitudines
1587 1158 1607 1193 ,
1657 1102 1978 1193 quasdam
2029 1098 2356 1187 simplices
2406 1100 2479 1167 δε
2538 1095 2866 1167 absolutas
2912 1144 2931 1165 .
3004 1104 3181 1172 Nam
3234 1104 3425 1171 aliter
3494 1102 3712 1173 dicere
3766 1104 4071 1177 solemus
4125 1161 4151 1200 ,

1141 1210 1404 1277 Necefle
1455 1207 1550 1271 est
1599 1198 2185 1271 Caffilinensesse-
2220 1198 2458 1266 dedere
2508 1198 2870 1269 Annibali:
2921 1200 3111 1269 aliter
3162 1220 3391 1275 autem
3438 1259 3461 1293 ‚
3514 1207 3780 1276 Necesse
3832 1208 3927 1275 est
3978 1209 4143 1278 Cas.

1139 1310 1406 1377 filinum
1457 1307 1660 1393 (18)
1721 1304 1944 1371 venire
1995 1302 2066 1381 jn
2122 1298 2477 1368 Annibalis
2532 1300 2916 1389 potestatam
2949 1348 2969 1369 .
3045 1303 3197 1372 mic
3248 1308 3319 1374 in
3394 1306 3725 1399 superiore
3796 1310 4153 1387 adiunctio

1135 1409 1228 1477 est
1278 1410 1457 1491 haec,
1510 1406 1652 1475 Nili
1702 1406 1939 1473 malint
1995 1403 2174 1469 fame
2225 1403 2481 1490 perire:
2536 1402 2581 1469 li
2636 1408 2819 1471 enim
2874 1402 3261 1494 idmalunt‚
3314 1431 3449 1475 non
3499 1409 3595 1477 est
3643 1411 3930 1477 necesse·
3993 1416 4157 1478 Hoc

1137 1507 1418 1577 inferius
1467 1528 1600 1575 non
1656 1507 1860 1591 item,
1910 1523 2253 1596 propterea
2304 1503 2481 1595 quod
2538 1502 2673 1570 five
2724 1506 2933 1573 velint
2982 1507 3445 1577 eaffilinenses
3504 1509 3569 1577 se
3620 1510 3859 1576 dedere
3912 1562 3935 1595 ‚
4012 1510 4159 1579 five

1140 1609 1388 1676 famem
1443 1609 1729 1699 perpeti,
1783 1627 1982 1698 atque
2031 1606 2120 1674 ita
2169 1605 2428 1694 perire,
2480 1605 2722 1673 necesse
2772 1604 2864 1673 est
2914 1607 3307 1677 Caffilinum
3360 1612 3587 1678 venire
3657 1612 3725 1694 in
3778 1610 4159 1678 Annibalis

1140 1711 1556 1801 potestatem.
1615 1711 1794 1795 Quid
1845 1712 2048 1798 igitur
2101 1706 2417 1796 perficere
2470 1704 2676 1795 potest
2725 1708 2867 1774 haec
2922 1708 3407 1780 neceffitudinis
3450 1710 3867 1777 distributio?
3930 1714 4155 1800 Prope

1141 1813 1396 1897 dicam,
1449 1810 1817 1899 plurimum
1856 1863 1876 1897 ‚
1945 1827 2102 1877 cum
2175 1812 2229 1875 is
2282 1809 2469 1876 locus
2542 1807 3021 1878 neceffitudinis
3098 1811 3417 1879 videbitur
3489 1810 3827 1879 incurrere
3864 1858 3884 1875 .
3966 1816 4165 1879 Nam

1141 1934 1299 1981 cum
1355 1913 1630 2001 simplex
1682 1913 1802 1981 erit
1854 1910 2247 1980 neceffitudo
2284 1961 2307 1996 ,
2381 1908 2549 1976 nihil
2600 1906 2729 1975 erit
2802 1910 2977 1997 quod
3032 1911 3247 1977 multa
3286 1912 3620 1979 ‘dicamus
3666 1965 3686 1996 ,
3757 1931 3920 1978 cum
3998 1933 4160 1983 eam

1143 2014 1333 2083 nulla
1389 2014 1638 2081 ratione
1695 2012 1906 2080 lenire
1956 2010 2305 2100 poffimus.
2356 2014 2535 2077 Cum
2586 2026 2809 2075 autem
2858 2010 2951 2075 ita
3000 2012 3246 2077 necesse
3296 2012 3421 2078 erit
3462 2063 3483 2095 ‚
3536 2025 3611 2077 ut
3664 2010 3927 2100 aliquid
3983 2012 4163 2082 effu-

1139 2134 1339 2203 gere,
1393 2131 1506 2181 aut
1555 2114 1822 2202 adipisci
1877 2112 2203 2197 velimus,
2254 2126 2403 2179 tum
2456 2106 2788 2204 adjunEtio
2839 2107 2955 2175 illa
2996 2162 3017 2194 ,
3082 2110 3243 2197 quid
3292 2108 3525 2177 habeat
3580 2112 3887 2179 utilitatis
3943 2164 3966 2199 ‚
4044 2130 4165 2183 aut

1147 2216 1304 2304 quid
1357 2214 1743 2301 honestati3‚
1794 2210 2565 2280 erit‘confiderandum.
2620 2214 2802 2277 Nam
2856 2208 2903 2275 fi
2958 2210 3119 2277 velis
3171 2212 3541 2296 attendere,
3592 2214 3679 2278 ita
3728 2231 4019 2301 tamen,
4076 2232 4157 2283 ut

1141 2314 1206 2382 id
1264 2336 1558 2406 quaeras,
1609 2314 1788 2406 quod
1841 2317 2191 2383 conveniat
2244 2312 2328 2379 ad
2381 2308 2582 2379 usum
2630 2310 2969 2397 civitatis;
3042 2315 3323 2400 reperias
3394 2312 3655 2381 nullam
3727 2316 3857 2383 effe
3934 2338 4092 2385 rem

1138 2438 1345 2508 quam
1397 2418 1611 2484 facere
1662 2416 1906 2485 neceffe
1959 2414 2035 2479 fit
2070 2466 2091 2498 ‚
2143 2415 2260 2499 nisi
2316 2428 2575 2498 propter
2626 2408 2919 2498 aliquam
2966 2418 3237 2479 causam
3276 2466 3297 2498 ,
3367 2434 3575 2508 quam
3624 2398 4171 2493 adinnstionem'

1138 2522 1566 2585 nominamus
1605 2564 1620 2581 .
1715 2515 1963 2579 Pariter
2033 2529 2257 2577 autem
2328 2511 2631 2577 invenias
2717 2511 2841 2577 effe
2915 2512 3167 2579 multas
3238 2534 3340 2581 res
3410 2515 3904 2585 neceffitudinis
3960 2572 3985 2606 ,
4086 2518 4173 2587 ad

1139 2638 1302 2707 quas
1353 2616 1586 2683 similis
1635 2610 1972 2691 adjunffio
2024 2632 2156 2678 non
2208 2610 2467 2679 accedit
2506 2658 2523 2677 .
2594 2611 2789 2693 Q10d
2843 2632 3057 2700 genus
3100 2666 3121 2699 ‚
3190 2630 3267 2683 ut
3318 2614 3619 2683 homines
3674 2619 4005 2687 mortales
4064 2622 4177 2687 in-

1140 2734 1394 2785 tereant
1442 2768 1462 2803 ,
1516 2718 1764 2782 necesse
1813 2713 1900 2778 est
1921 2712 2054 2779 fine
2105 2710 2523 2789 adiunfflone
2574 2735 2591 2776 ε
2645 2728 2721 2777 ut
2773 2712 2916 2779 cibo
2968 2730 3278 2801 utantur,
3332 2738 3466 2783 non
3518 2721 3764 2785 neceffe
3814 2720 3918 2787 est
3962 2722 4180 2805 ,mili

1140 2812 1300 2887 eu‘m
1353 2816 1470 2885 illa
1519 2812 1901 2905 exceptione
1937 2866 1958 2899 ‚
2028 2816 2231 2879 Extra
2285 2831 2487 2902 quam
2524 2861 2548 2898 ,
2618 2810 2667 2877 fi
2717 2811 2927 2877 nolint
2980 2812 3159 2879 fame
3209 2816 3454 2900 perire.
3510 2819 3695 2904 Ergo
3733 2868 3754 2900 ‚
3825 2835 3906 2883 tat
3962 2820 4177 2905 dixi,

1144 2920 1309 2988 illud
1361 2970 1382 3005 ,
1435 2924 1614 3010 quod
1667 2917 2046 3003 adjungitur
2087 2964 2108 2999 ‚
2158 2916 2411 3003 semper
2452 2964 2473 2999 ,
2528 2910 2905 2991 cuiusmodi
2960 2912 3035 2979 fit
3077 2963 3097 2998 ,
3144 2914 3273 2979 erit·
3318 2912 3917 2983 considerandum.
3980 2922 4189 2995 Nam

1143 3020 1330 3086 omni
1371 3034 1663 3107 tempore
1714 3015 1776 3084 id
1815 3014 2204 3104 pertinebit,
2258 3032 2373 3083 aut
2430 3014 2511 3081 ad
2548 3012 2994 3097 honestatem,
3044 3029 3120 3079 ut
3155 3014 3281 3083 hoe
3338 3012 3551 3082 modo.
3580 3018 3995 3105 exponenda
4059 3042 4191 3089 ne-

1143 3112 1460 3190 ceffitudo
1511 3120 1587 3186 fit
1627 3173 1649 3207 ‚
1701 3119 1959 3188 Necesse
2008 3117 2102 3186 est
2149 3121 2275 3187 hoc
2332 3114 2657 3185 faciamus
2696 3169 2717 3203 ,
2770 3115 2818 3182 fi
2867 3112 3136 3182 honeste
3185 3111 3502 3183 volumus
3555 3117 3781 3185 vivere
3826 3140 3847 3184 ε
3910 3134 4038 3184 aut
4099 3123 4187 3190 ad

1145 3220 1678 3291 incolumitatem
1724 3273 1746 3307 ‚
1794 3219 1918 3287 hoc
1971 3221 2176 3288 modo
2220 3271 2241 3306 ,
2292 3217 2556 3286 Necesse
2608 3219 2701 3286 est
2737 3269 2759 3302 ,
2807 3215 2857 3283 fi
2906 3216 3281 3284 incolumes
3322 3219 3635 3286 volumus
3680 3217 3850 3284 effe:
3916 3239 4043 3288 aut
4102 3222 4189 3290 ad

1144 3323 1729 3408 commoditatem,
1779 3322 1902 3388 hoc
1933 3321 2173 3408 mode,
2225 3319 2489 3388 Necesse
2536 3317 2668 3402 est,
2722 3317 2769 3384 fi
2832 3316 2965 3383 fine
3019 3314 3451 3384 incommodo
3502 3315 3823 3386 volumus
3886 3323 4191 3392 vivere.

1245 3425 1505 3490 LVIII.
1556 3429 1659 3490 Ac
1714 3421 1974 3488 summe
2023 3425 2293 3514 quidem
2360 3417 2761 3488 necessitudo
2810 3417 3069 3483 videtur
3118 3419 3241 3486 effe
3288 3417 3649 3487 honestatis
3684 3441 3707 3482 .·
3786 3420 3964 3491 huic
4026 3447 4195 3515 pro-

1147 3525 1370 3609 xima,
1421 3524 1946 3592 incolumitatis.-
1999 3527 2194 3592 tertia
2247 3541 2323 3592 ac
2375 3521 2741 3604 leviffima,
2788 3519 3280 3587 commoditatis
3316 3571 3337 3606 ‚
3408 3543 3553 3612 quae
3602 3541 3759 3588 cum
3822 3523 3943 3590 his
4000 3549 4196 3596 nun-

1146 3645 1351 3714 quam
1404 3624 1636 3710 poterit
1688 3623 1941 3692 duabus
2013 3625 2406 3693 contendere
2446 3665 2465 3688 .
2536 3621 2755 3688 Hasce
2828 3636 3049 3688 autem
3120 3619 3293 3688 inter
3369 3617 3435 3689 se
3510 3619 3669 3712 ssepe
3735 3625 4021 3693 necesse
4098 3629 4202 3701 est
4316 3607 4323 3614 ’

1145 3723 1564 3811 comparari,
1619 3737 1692 3790 ut
1745 3743 2131 3814 quanquam
2185 3723 2427 3812 praestet
2498 3721 2799 3790 honestas
2848 3720 3289 3791 incolumitati
3331 3776 3352 3809 ‚
3402 3741 3627 3790 tamen
3670 3774 3693 3811 ‚
3762 3726 3923 3794 utri
3984 3730 4203 3819 potis-

1032 3876 1038 3881 ·
1151 3825 1394 3894 fimum
1447 3820 1930 3892 consulendum
1985 3825 2101 3911 fit,
2153 3827 2549 3892 deliberetur
2588 3869 2606 3889 .
2679 3821 2897 3900 Cujus
2962 3826 3055 3891 rei
3127 3841 3387 3893 certum
3436 3824 3779 3912 quoddam
3864 3830 4191 3916 praescri-

1151 3918 1341 4015 ptum
1391 3925 1654 3992 videtur
1707 3925 1778 3990 in
1832 3941 2222 4013 perpetuum
2274 3925 2417 3993 dari
2468 3922 2675 4012 posse.
2724 3927 2952 4010 Nam·‚
3000 3946 3131 4014 qua
3182 3925 3251 3990 in
3304 3947 3373 3991 re
3423 3920 3569 3990 fieri
3620 3930 3881 4010 poterit
3935 3983 3958 4017 ,
4042 3948 4123 4002 ut
4174 3987 4201 4023 ,

1149 4048 1310 4095 cum
1363 4025 1806 4092 incolumitati
1861 4022 2387 4096 consuluerimus
2427 4077 2447 4112 ,
2494 4025 2670 4115 quod
2725 4023 2801 4090 fit
2854 4026 2927 4092 in
2977 4025 3314 4114 praesentia
3366 4021 3449 4088 de
3517 4021 3873 4110 honestate
3931 4032 4203 4104 deliba.

1151 4147 1342 4213 tum,
1375 4129 1646 4217 ‘virtute
1699 4126 2057 4216 aliquando
2108 4134 2179 4201 &
2238 4125 2553 4196 industria
2603 4143 3027 4218 recuperetur
3058 4179 3081 4211 ,
3127 4123 3635 4194 incolumitatis·
3684 4125 3866 4188 ratio
3932 4133 4209 4204 videbi-

1152 4211 1262 4297 tur
1314 4225 1662 4295 habenda:
1712 4249 1870 4295 cum
1923 4233 2144 4298 autem
2198 4227 2263 4297 id
2316 4251 2447 4297 non
2501 4230 2797 4316 poterit,
2844 4226 3203 4295 hon-estatis
3241 4274 3260 4291 .
3334 4223 3557 4290 Ita.in
3604 4220 3967 4302 ejusmodi
4024 4255 4209 4324 quo.

1153 4349 1286 4423 que
1337 4350 1452 4417 re,
1500 4348 1658 4396 cum
1711 4329 2160 4400 incolumitati
2214 4329 2580 4402 videbimur
2629 4329 3023 4416 consulere,
3070 4347 3225 4395 vere
3275 4325 3635 4416 poterimus
3686 4323 3935 4398 dicere
3981 4386 4009 4422 ‚
4070 4360 4204 4408 nos

1155 4431 1502 4502 honestatis
1551 4428 1883 4500 rationem
1937 4431 2171 4503 habere
2212 4485 2235 4522 ‚
2303 4435 2623 4525 quoniam
2674 4431 2809 4502 fine
2864 4430 3323 4521 incolumitate
3376 4439 3531 4496 eam¹
3584 4425 3787 4495 nullo
3862 4433 4203 4530 tempore

1408 4637 1416 4645 ·
3940 4539 4101 4630 pos-

1232 4861 1387 4921 (ιε)
1445 4851 1834 4926 Caffilinuin)
1887 4855 2104 4916 Alludit
2157 4857 2223 4917 ad
2279 4857 2604 4920 historiam:
2706 4861 2867 4920 scutis
2914 4863 3086 4935 pelles
3126 4904 3144 4930 ,
3208 4861 3301 4921 ubi
3362 4860 3572 4944 fervida
3626 4859 3961 4926 mollissent
4012 4861 4211 4946 ,αᾲιιιῑ

1165 4946 1292 4984 nam
1354 4925 1719 5006 Cassilmurn,
1763 4927 2027 4998 oppidum.
2072 4931 2451 5012 Campania,
2482 4953 2606 5015 cum
2705 4933 2961 4992 mandere
3010 4953 3351 4997 conarentur
3380 4975 3402 4996 .
3448 4933 3645 4996 Livius
3671 4972 3692 5001 ,
3762 4935 3816 4995 Ι.
3880 4959 3987 5018 ²3·
4021 4961 4080 5001 c.
4124 4958 4211 5015 ¹9·

1175 4999 1236 5058 ab
1272 4995 1548 5056 Annibale
1615 4993 1952 5060 obsideretur
1989 5041 2006 5066 ‚
2055 5003 2260 5062 milites
2296 5023 2363 5064 eo
2401 5024 2497 5062 ino
2540 5025 2607 5062 :a
2709 5004 2991 5080 Nasct'mb·

1179 5087 1593 5144 pervenerunt,
1631 5089 1690 5130 ut
1728 5087 1933 5140 mutes,
1971 5075 2026 5132 ἀ
2061 5077 2218 5148 lora,
2248 5074 2477 5136 detraeia
2507 5095 2611 5148 que
