4359 6321
1192 432 1322 538 88
1622 442 1792 530 DE
1857 424 2637 533 INVENTIONE
2694 426 3423 527 RHETORICA

1063 565 1476 655 dignantur.
1525 558 1789 627 Veritas
1837 559 1931 627 est
1968 581 2150 649 ‚per
2203 578 2463 646 quam,
2518 558 2862 623 immutata
2916 574 3037 643 ea,
3086 580 3226 645 quae
3284 554 3485 639 sunt,
3540 562 3655 623 aut
3709 565 3866 624 ante
3920 544 4061 630 stle-

1062 680 1263 748 τοῦτ’,
1317 679 1429 728 aut
1490 660 1715 728 futur'a
1767 658 1958 747 sunt,
2007 658 2360 729 dicuntur.

1169 764 1352 833 mv.
1403 760 1902 829 consuetudine
1957 760 2060 839 ius
2105 758 2199 826 est
2234 810 2254 845 ,
2304 754 2476 847 quod
2528 770 2641 823 aut
2692 754 2922 822 leviter
2976 776 3013 821 a
3072 772 3303 823 natura
3354 750 3639 822 trastum
3698 752 3869 825 aluit·
3908 812 3930 846 ‚
3984 752 4095 833 &'-

1063 865 1286 944 maius
1341 860 1498 931 fecit
1551 861 1705 929 usus
1745 915 1764 947 ‚
1831 878 1904 928 ut
1959 861 2401 949 religionem:
2456 873 2570 923 aut
2628 855 2672 922 fi
2726 856 2881 945 quid
2932 876 3168 922 eorum
3212 909 3233 941 ‚
3298 878 3436 945 quae
3490 873 3643 921 ante
3698 854 4002 931 diximus
4040 872 4091 949 ,“

1065 986 1110 1034 a
1161 980 1399 1032 natura
1453 960 1865 1053 profeaum,
1921 958 2408 1041 majusfffaaum
2464 972 2722 1045 prepter
2746 955 3289 1024 consuetudinem
3332 956 3671 1041 videmus,
3723 975 3840 1024 aut
3880 965 4059 1053 quod

1065 1068 1138 1133 in
1192 1082 1447 1133 morem
1503 1061 1784 1129 vetustas
1839 1062 2030 1153 vulgi
2077 1058 2543 1149 approbatione
2604 1058 2961 1144 perduxit.
3016 1056 3187 1145 quod
3236 1076 3487 1144 geum,
3537 1009 3849 1147 paetum,
3900 1080 4059 1151 par,

1065 1161 1804 1245 judicatum.1³aaum
1849 1159 1943 1228 est
1983 1213 2004 1246 ,
2055 1164 2231 1252 quod
2284 1160 2450 1257 inter
2502 1160 2761 1247 aliquos
2811 1160 3117 1225 convenit
3162 1204 3178 1221 .
3236 1160 3356 1222 Par
3402 1160 3651 1247 ‚quod
3704 1159 3771 1226 in
3822 1184 4075 1233 omnes·

1057 1260 1370 1353 aequabile
1419 1258 1562 1328 est.
1631 1262 2076 1347 judicatum,
2145 1260 2231 1327 dc
2300 1280 2431 1349 quo
2482 1258 2822 1344 ainaim,
2891 1276 3005 1322 aut
3062 1259 3428 1351 aliquorum
3500 1259 3635 1336 jam
3711 1259 4059 1331 sententiis

1057 1362 1485 1433 constitutum
1533 1360 1678 1429 est.
1733 1366 1916 1449 Lege
1969 1361 2070 1441 ius
2120 1356 2278 1447 est,
2344 1359 2520 1451 quod
2574 1360 2639 1425 in
2686 1380 2770 1426 eo
2822 1352 3057 1445 scripto
3097 1412 3119 1445 ,
3167 1359 3349 1449 quod
3400 1358 3643 1447 populo
3690 1364 4095 1451 expositum·

1056 1460 1151 1531 est
1188 1516 1211 1550 ‚
1257 1478 1333 1533 ut
1381 1460 1719 1549 obiervet,
1767 1464 2155 1530 continetur
2184 1510 2200 1527 .

1163 1558 1504 1629 Fortitudo
1541 1613 1562 1648 ‚
1625 1561 1719 1633 est
1783 1562 2195 1633 considerata
2247 1562 2696 1657 periculorum
2749 1561 3067 1654 susceptio
3108 1613 3129 1646 ‚
3200 1560 3271 1630 fit
3346 1556 3648 1627 laborum
3698 1560 4004 1652 perpeffio
4040 1610 4061 1633 .

1055 1664 1221 1745 Eius
1272 1680 1486 1752 partes
1523 1715 1544 1748 ,
1596 1664 2094 1759 magnificentia
2131 1718 2153 1752 ,
2204 1664 2476 1733 fidentia
2516 1717 2538 1749 ‚
2590 1666 2892 1752 patientia
2935 1717 2956 1749 ‚
3004 1660 3493 1756 perleverantia
3531 1710 3547 1727 .
3616 1662 4061 1751 Magnificen-

1055 1766 1150 1831 tia
1217 1765 1312 1831 est
1383 1784 1606 1833 rerum
1692 1784 2095 1855 magnarum
2171 1770 2241 1835 &
2298 1763 2715 1833 excelsarum
2780 1788 2943 1833 curn
3018 1763 3225 1831 animi
3300 1762 3523 1849 ampla
3586 1766 3875 1853 quadam
3970 1765 4046 1835 δε

1057 1864 1402 1954 splendida
1449 1866 1884 1954 propositione
1934 1868 2212 1955 agitatio
2246 1919 2269 1953 ‚
2318 1882 2515 1955 atque
2566 1864 3088 1932 administratio.
3140 1856 3436 1931 Fidentia
3485 1860 3579 1930 est
3616 1916 3637 1949 ,
3684 1884 3799 1953 per
3848 1882 4061 1955 quam

1055 1966 1322 2055 magnis
1397 1966 1469 2036 &
1523 1966 1807 2035 honestis
1855 1968 1930 2035 in
1979 1967 2168 2034 rebus
2220 1967 2515 2035 multum
2588 1964 2718 2053 ipst:
2768 1966 3033 2032 animus
3100 1964 3168 2031 in
3225 1963 3289 2030 se
3344 1961 3599 2032 fiduciae
3667 1978 3849 2031 certa
3900 1987 4057 2035 cum

1051 2064 1164 2156 spe
1209 2064 1594 2136 collocavit.
1649 2068 1968 2136 Patientia
2017 2068 2114 2135 est
2159 2056 2555 2152 honestatis,
2606 2081 2721 2135 aut
2770 2064 3069 2134 utilitatis
3123 2061 3360 2149 causa,
3414 2084 3639 2131 rerum
3693 2066 4057 2134 arduarum

1055 2186 1136 2235 ac
1186 2166 1556 2245 difficilium
1609 2166 1991 2237 voluntaria
2046 2188 2122 2236 ac
2179 2170 2505 2238 diuturna
2562 2163 2864 2257 perpeffio
2900 2215 2919 2235 .
2998 2163 3484 2235 Pet-severantia
3538 2164 3634 2232 est
3680 2166 3755 2233 in
3804 2166 4056 2236 ratione

1053 2264 1221 2336 bene
1265 2270 1677 2338 considerata
1727 2268 1975 2339 stabilis
2023 2272 2095 2340 δι
2153 2288 2467 2359 perpetua
2520 2265 2925 2354 permanfioL

1157 2370 1630 2459 Temperantia
1671 2422 1692 2459 ,
1736 2371 1830 2435 est
1879 2368 2148 2439 rationis
2202 2367 2271 2431 in
2326 2365 2670 2431 libidinem
2714 2416 2737 2449 ,
2806 2380 3005 2454 atque
3054 2368 3126 2431 in
3180 2361 3348 2432 alios
3398 2388 3532 2433 non
3587 2366 3797 2437 restes
3849 2366 4057 2459 impe-

1051 2482 1165 2534 tus
1214 2469 1421 2531 animi
1462 2517 1483 2550 ,
1533 2468 1730 2531 firma
1783 2470 1854 2535 &
1917 2462 2253 2532 moderata
2303 2462 2667 2531 dominatio
2702 2511 2717 2529 .
2790 2464 2952 2543 Eius
3024 2479 3242 2555 partes
3296 2464 3449 2536 sunt
3489 2517 3509 2552 ,
3581 2466 3995 2537 continentia
4032 2522 4057 2556 ,

1049 2564 1402 2633 clementia
1441 2614 1462 2648 ,
1520 2562 1876 2632 modestia.
1929 2560 2360 2631 Continentia
2412 2558 2507 2629 est
2541 2618 2564 2651 ,
2632 2584 2746 2651 per
2794 2588 3001 2657 quam
3050 2565 3375 2657 cupiditas
3423 2566 3673 2636 consilii
3726 2566 4057 2657 guberna·

1047 2664 1232 2733 tione
1283 2664 1534 2754 regitur
1571 2712 1588 2731 .
1655 2663 2026 2732 Clementia
2067 2713 2090 2746 ,
2158 2683 2273 2748 per
2324 2682 2531 2751 quam
2582 2665 2789 2734 animi
2841 2682 3089 2733 temere
3139 2669 3209 2731 in
3262 2668 3489 2737 odium
3538 2668 3825 2749 alicuius
3874 2670 4059 2737 inve·

1049 2764 1286 2835 &ionis
1337 2772 1534 2861 (¹7)
1586 2764 1898 2835 concitati
1951 2762 2262 2831 comitate
2314 2764 2720 2827 retinentur.
2768 2760 3130 2847 Modestia,
3184 2782 3300 2850 per
3338 2784 3543 2855 quam
3593 2769 3801 2855 pudor
3854 2770 4057 2837 hone-

1049 2865 1186 2934 stus
1236 2866 1488 2933 claram
1539 2868 1610 2936 δε
1667 2865 1960 2931 stabilem
2009 2878 2347 2948 comparat
2398 2862 2855 2931 austeritatem
2889 2906 2910 2929 .
2982 2865 3207 2949 Atque
3279 2865 3417 2931 haec
3483 2867 3707 2930 omnia
3776 2884 4053 2954 propter

1051 2964 1120 3032 se
1174 2962 1387 3031 solum
1430 3017 1452 3051 ‚
1499 2978 1576 3033 ut
1624 2964 1789 3031 nihil
1845 2963 2253 3051 adjungatur
2302 2961 2779 3047 emolumenti,
2824 2960 3098 3050 petenda
3149 2958 3339 3029 sunt.
3396 2962 3597 3047 Quod
3650 2984 3728 3032 ut
3776 2963 4056 3033 demon-

1047 3062 1287 3133 stretur
1325 3115 1350 3151 ,
1417 3084 1633 3155 neque
1703 3062 1788 3131 ad
1833 3064 1962 3135 hoc
2014 3062 2307 3133 nostrum
2357 3061 2731 3136 institutum
2778 3062 3073 3155 pertinet
3108 3114 3132 3151 ,
3202 3064 3274 3135 δε
3346 3084 3386 3132 a
3436 3064 3758 3137 brevitate
3821 3060 4091 3163 praeci-.-

1047 3163 1266 3256 piendi
1319 3184 1650 3239 remotum
1695 3168 1826 3237 est.

1153 3265 1419 3358 Prop'ter
1473 3267 1538 3337 se
1586 3287 1809 3339 autem
1861 3268 2141 3340 vitanda
2190 3269 2342 3340 sunt
2378 3322 2401 3358 ,
2470 3293 2604 3339 non
2654 3291 2733 3339 ea
2782 3265 2980 3340 modo
3008 3319 3031 3354 ,
3100 3287 3243 3360 quae
3294 3269 3399 3338 his
3445 3271 3780 3339 contraria
3835 3267 3993 3341 sunt
4028 3324 4054 3361 ,

1049 3383 1128 3435 ut
1185 3367 1553 3440 fortitudini
1605 3372 1878 3462 ignavia
1915 3424 1937 3459 ‚
1987 3373 2058 3442 ἀ
2117 3371 2372 3452 iustitiae
2424 3371 2792 3461 iniustitia,
2773 3399 2788 3415 ·
2846 3387 3080 3436 verum
3127 3371 3335 3437 etiam
3388 3372 3546 3460 illa,
3598 3393 3741 3462 quae
3789 3375 4052 3463 'propin-

1049 3487 1184 3558 qua
1235 3471 1547 3541 videntur
1603 3473 1676 3544 &
1735 3471 2019 3542 finitima
2065 3475 2240 3557 effe,
2284 3469 2518 3539 absunt
2568 3491 2796 3540 autem
2848 3469 3253 3560 longissime.
3304 3470 3483 3567 quod
3531 3493 3785 3562 genus,
3837 3473 4050 3543 fiden-

1049 3569 1152 3635 τίκ
1201 3572 1674 3656 contrarium,
1737 3573 1830 3639 est
1877 3573 2304 3657 diffidentia,
2371 3576 2442 3644 δε
2496 3579 2573 3641 ea'
2623 3591 2695 3642 re
2741 3573 2981 3641 vitium
3006 3569 3183 3640 'zest
3256 3573 3535 3642 audacia
3604 3596 3741 3642 non
3790 3593 4050 3644 contra·
4072 3592 4081 3602 ·

958 3707 966 3714 -
1051 3663 1292 3758 rium,
1347 3665 1458 3754 sed
1507 3671 1874 3786 appolirum
1925 3671 2063 3757 est,
2132 3691 2209 3737 ac
2260 3674 2765 3761 propinquum,
2818 3675 2891 3741 ἀ
2948 3691 3177 3768 tamen
3236 3675 3479 3744 vitium
3531 3671 3679 3744 est.
3746 3677 3853 3744 Sic
3902 3677 4053 3745 uni-

1049 3765 1288 3859 cuique
1342 3768 1572 3839 virtuti
1627 3769 1989 3838 finitimum
2043 3771 2281 3836 vitium
2332 3773 2747 3858 reperietur,
2820 3786 2937 3837 aut
2985 3789 3166 3840 certo
3234 3773 3367 3854 iam
3420 3777 3693 3844 nomine
3762 3763 4053 3868 appella-

1049 3885 1256 3956 tum;
1309 3884 1387 3938 ut
1441 3869 1776 3956 audacia,
1827 3871 1970 3960 'quae
2021 3867 2344 3958 fidentiae3
2394 3873 2799 3957 pertinacia,
2846 3893 2988 3962 quae
3040 3878 3522 3960 perleverantiae
3576 3876 3863 3948 finitima
3914 3875 4055 3970 ρᾶς

1047 3967 1412 4058 superstitio
1449 4019 1472 4055 ‚
1525 3991 1668 4059 quae
1719 3967 2030 4060 religioni
2082 3973 2450 4059 propinqua
2500 3971 2649 4039 est.
2724 3989 2836 4040 aut
2890 3972 3021 4039 fine
3068 3974 3213 4042 ullo
3260 3995 3447 4045 certo
3494 3980 3807 4046 nomine.
3876 3985 4057 4064 Qaae

1047 4070 1272 4138 omnia
1325 4069 1490 4135 item
1539 4070 1638 4140 uti
1689 4071 2024 4138 contraria
2076 4090 2303 4138 rerum
2356 4069 2723 4159 bonarum,
2775 4075 2841 4172 in
2892 4074 3081 4144 rebus
3120 4075 3403 4146 vitandis
3452 4095 3877 4166 reponemus.
3933 4081 4059 4148 Ac

1043 4169 1132 4237 de
1179 4189 1258 4235 eo
1305 4170 1574 4258 quidem
1629 4189 1876 4260 genere
1926 4151 2315 4262 honestatis,
2363 4173 2539 4263 quod
2591 4176 2778 4244 omni
2824 4195 2911 4244 ex
2962 4189 3144 4265 parte
3196 4197 3454 4270 propter
3498 4178 3561 4246 se
3614 4177 3893 4270 petitur,
3941 4173 4057 4245 st·

1045 4269 1131 4338 tis
1181 4259 1435 4340 dietum
1483 4270 1617 4339 est.

1147 4359 1295 4438 LV.
1351 4371 1554 4445 Nunc
1603 4370 1690 4442 de
1736 4391 1860 4462 eo,
1913 4373 1979 4440 in
2030 4395 2164 4465 quo
2216 4374 2463 4445 utilitas
2510 4399 2777 4470 quoque
2825 4378 3209 4474 adiungitur
3250 4433 3272 4472 ,
3322 4381 3499 4480 quod
3554 4383 4057 4556 tamenstuhone-

3875 4509 3947 4556 m

1048 4806 1056 4814 '
1121 4812 1188 4872 (ι
1202 4816 1284 4874 7)
1312 4817 1386 4866 ln
1427 4809 1612 4868 odium
1650 4809 1894 4880 εἰη-αμα
1931 4811 2302 4877 inveHionis)
2358 4813 2495 4872 Ali-
2596 4830 2771 4870 autem
2826 4813 3061 4876 Mtchael
3104 4822 3295 4876 Brutus
3333 4815 3402 4876 sic
3458 4817 3869 4880 emendandum
3901 4835 4047 4876 ten·

1046 4883 1206 4946 cujus
1253 4875 1536 4950 inferiores
1569 4895 1594 4946 ,·
1655 4881 1862 4940 restitui
1915 4884 2224 4951 conjector·
2277 4881 2492 4944 duaus.
2596 4883 2740 4950 suit,
2780 4901 2977 4944 temere
3012 4894 3071 4944 in
3112 4891 3294 4945 odium
3331 4890 3578 4962 ataecujus
3617 4891 3858 4950 unwan
3910 4891 4063 4946 w·-

1043 4941 1186 5020 Nan
1224 4957 1370 5020 voit,
1395 4953 1780 5020 mvaeaeiom's,
1807 4971 1926 5026 qut
1967 4953 2241 5025 reperitur
2274 4954 2333 5012 in
2368 4975 2491 5015 nm—
2592 4961 2823 5021 citata.
2878 4975 3167 5022 “masau
3188 4965 3461 5024 retinetur
3484 5001 3509 5032 ,
3551 4979 3685 5038 μοι
3730 4958 3853 5078 ejus
3882 4958 4060 5020 dixe—

1037 5007 1197 5077 nibus
1235 4992 1440 5097 libris,
1481 5021 1598 5084 fine
1635 4991 1804 5085 dubio
1835 5041 2090 5110 cort-upra
2144 5021 2270 5086 est.
2322 5026 2538 5105 Quod
2588 5027 2732 5100 rim,
2769 5047 2885 5090 non
2922 5019 3129 5104 prdbo.
3165 5031 3421 5093 Lambin.
