4359 6321
1238 485 1410 587 264
1907 466 2142 561 DE
2265 460 3210 555 ORATORE

1096 612 1321 669 autem
1372 600 1571 682 (61)
1644 610 1794 658 cum
1845 588 2185 676 Isocratem
2229 602 2557 674 pateretur
2613 586 2824 652 dicere
2866 632 2882 650 .
2957 587 3195 673 Itaque
3244 579 3508 649 ornavit
3583 580 3654 655 &
3729 580 4104 660 illustravit

1096 698 1461 766 dostrinam
1517 697 1709 763 illam
1760 712 2031 759 omnem
2072 718 2093 778 3
2164 708 2523 777 rerumque
2573 686 3024 775 cognitionem
3093 706 3253 755 cum
3303 684 4104 761 orationisexercitatio-

1095 820 1179 867 ne
1228 798 1619 876 conjunxit.
1678 798 1908 884 Neque
1962 813 2117 859 vero
2166 790 2287 857 hoc
2343 790 2518 879 fugit
2572 788 3102 877 sapientiffimum
3151 808 3381 875 regem
3425 838 3445 873 ,
3497 786 3922 877 Philippum,
3975 799 4102 885 qui

1090 902 1273 970 hunc
1330 898 1723 967 Alexandro
1774 896 1914 963 filio
1962 892 2296 961 doctorem
2355 892 2616 959 accierit
2654 942 2675 978 ,
2743 910 2782 955 a
2833 912 2970 979 quo
3021 888 3252 957 eodem
3303 886 3420 955 ille
3493 889 3564 957 δε
3629 892 3868 978 agendi
3925 897 4104 965 acci-

1094 1022 1279 1091 peret
1335 1018 1691 1089 praecepta,
1744 1001 1816 1068 &
1865 995 2214 1084 loquendi.

1198 1106 1399 1170 Nunc
1460 1102 1589 1169 five
1640 1101 1753 1188 qui
1810 1097 2034 1181 volet,
2080 1114 2240 1162 eum
2313 1092 2777 1182 philosophum
2819 1142 2841 1175 ,
2891 1093 3006 1183 qui
3058 1088 3315 1177 copiam
3368 1088 3552 1157 nobis
3602 1110 3836 1163 rerum
3877 1148 3900 1183 ‚
3951 1120 4108 1169 ora-

1096 1204 1418 1293 tionisque
1472 1201 1719 1285 tradat,
1772 1219 1885 1286 per
1938 1186 2047 1262 me
2101 1196 2387 1282 appellet
2441 1211 2768 1260 oratorem
2819 1192 3014 1279 licet3
3069 1194 3198 1258 five
3257 1192 3436 1261 hunc
3459 1208 3838 1281 oratorem,
3891 1222 4098 1289 quem

1094 1328 1220 1395 ego
1270 1305 1421 1372 dico
1474 1301 1858 1391 sapientiam
1910 1296 2208 1377 inuitam
2263 1294 2503 1363 habere
2552 1294 2936 1381 eloquentiae
2983 1348 3002 1378 ,
3075 1293 3534 1381 philosophum
3585 1299 3896 1385 appellari
3952 1325 4096 1373 ma.

1093 1410 1213 1491 lit,
1262 1428 1393 1472 non
1453 1402 1842 1489 impediam:
1900 1398 2271 1489 dum-modo
2323 1398 2449 1463 hoc
2501 1396 2785 1481 constet,
2837 1416 3046 1484 neque
3101 1395 3454 1464 infantiam
3503 1396 3642 1475 ejus
3687 1452 3705 1483 ,
3773 1406 3888 1489 qui
3946 1426 4096 1477 rem

1093 1508 1263 1576 norit
1289 1513 1323 1592 ,'
1360 1504 1467 1571 sed
1516 1524 1665 1569 eam
1720 1499 2052 1585 explicare
2105 1496 2384 1577 dicendo
2437 1490 2889 1585 non'queat¹;
2943 1516 3153 1585 neque
3203 1495 3610 1565 inscientiam
3665 1501 3850 1567 illius
3893 1557 3913 1587 ,
3981 1508 4098 1575 cui

1091 1631 1197 1679 res
1252 1628 1389 1672 non
1451 1603 1739 1687 suppetat
1778 1650 1798 1682 ,
1867 1595 2066 1664 verba
2119 1619 2254 1663 non
2309 1597 2516 1666 defint
2555 1650 2578 1683 ,
2647 1599 2768 1665 esse
2823 1597 3222 1667 laudandam
3266 1623 3282 1662 ι
3356 1621 3650 1688 quorum
3703 1602 3746 1667 fi
3803 1605 4100 1677 alterum

1097 1711 1175 1777 fit
1226 1700 1592 1793 optandum
1636 1750 1657 1787 ,
1711 1698 1947 1767 malim
1999 1698 2310 1790 equidem
2363 1698 2744 1769 indisertam
2797 1699 3216 1787 prudentiam
3255 1764 3275 1796 ³
3325 1723 3538 1793 quam
3589 1701 4091 1775 stult-itiam.10..

1094 1828 1410 1901 quacem.

1198 1912 1309 1975 Sin
1366 1910 1721 1996 quaerimus
1761 1959 1779 1993 ,
1830 1907 1989 1997 quid
2041 1930 2256 1976 unum
2331 1910 2617 1979 excellat
2685 1928 2770 1974 ex
2842 1906 3144 1985 omnibus
3186 1960 3206 1992 ,
3280 1906 3473 1976 docto
3543 1910 3786 1977 oratori
3867 1914 4098 1999 palma

1094 2012 1302 2077 danda
1352 2010 1479 2076 est.
1540 2015 1759 2094 Qiem
1823 2008 1865 2073 fi
1919 2009 2260 2095 patiuntur
2308 2014 2597 2079 eundem
2646 2009 2769 2075 effe
2817 2008 3275 2105 philosophum
3321 2063 3341 2095 ,
3411 2006 3654 2077 sublata
3709 2030 4090 2079 controver-

1094 2113 1181 2179 fia
1236 2111 1360 2175 est.
1418 2112 1529 2175 Sin
1584 2130 1693 2175 eos
1748 2108 2188 2196 disjungent3
2239 2111 2368 2177 hoc
2423 2129 2619 2179 erunt
2672 2110 3008 2176 inferiores
3052 2164 3068 2196 ,
3119 2110 3290 2200 quod
3349 2110 3414 2175 in
3465 2128 3719 2179 oratore
3795 2114 4094 2201 perfecto

1091 2213 1251 2282 inest
1306 2212 1575 2277 illorum
1634 2211 1846 2273 omnis
1902 2212 2166 2275 scientia
2208 2265 2228 2296 ,
2298 2213 2364 2277 in
2421 2211 2952 2299 philosophorum
3024 2228 3246 2279 autem
3299 2215 3669 2300 cognitione
3738 2234 3866 2279 non
3927 2237 4106 2282 con-

1091 2316 1281 2379 tinuo
1334 2312 1493 2381 inest
1545 2312 1914 2399 eloquentia
1962 2334 1983 2371 :
2060 2334 2202 2400 quae
2273 2316 2588 2401 quamvis
2645 2328 3114 2385 contemnatur
3167 2315 3246 2381 ab
3297 2316 3387 2381 eis
3427 2370 3444 2399 ,
3517 2314 3747 2379 necesse
3815 2313 3908 2381 est
3981 2332 4098 2381 ta-

1090 2436 1243 2483 men
1308 2413 1595 2501 aliquem
1648 2413 2002 2481 cumulum
2058 2414 2329 2485 illorum
2389 2416 2637 2482 artibus
2688 2413 2919 2481 afferre
2973 2415 3270 2485 videatur
3311 2463 3328 2481 .
3405 2420 3560 2485 Haec
3599 2436 3767 2483 cum
3821 2416 4100 2481 Crassus

1092 2516 1387 2597 dixiss'et,
1442 2535 1791 2599 parumper
1850 2516 1919 2580 &
1978 2512 2109 2601 ipse
2160 2516 2525 2604 conticuit,
2581 2518 2650 2585 &
2711 2517 2957 2583 caeteris
3016 2516 3349 2585 silentium
3407 2518 3568 2587 fuit.

1192 2618 1507 2683 XXXVI.
1562 2618 1746 2679 Tum
1821 2608 2011 2679 Cotta‘
2052 2666 2074 2697 ,
2142 2618 2530 2705 Equidem,
2599 2619 2880 2707 inquit,
2951 2618 3166 2685 Crasse
3207 2672 3230 2707 ,
3299 2642 3430 2685 non
3533 2620 3776 2708 possum
3844 2621 4096 2708 queri,

1080 2714 1265 2807 quod
1320 2714 1480 2779 mihi
1534 2714 1799 2781 videare
1854 2712 2035 2780 aliud
2087 2719 2408 2803 quiddam
2457 2772 2478 2805 ,
2531 2719 2603 2785 &
2663 2739 2792 2786 non
2851 2718 2956 2801 id,
3007 2718 3180 2806 quod
3235 2719 3588 2807 susceperis
3631 2774 3648 2803 ‚
3701 2722 4033 2809 disputasse
4067 2768 4092 2785 .

1092 2818 1249 2884 Plus
1296 2817 1475 2881 enim
1530 2816 1867 2904 aliquanto
1920 2815 2251 2904 attulisti,
2326 2842 2530 2909 quam
2583 2816 2693 2885 tibi
2767 2817 2911 2884 effet
2966 2818 3286 2887 tributum
3343 2840 3378 2883 a
3434 2822 3620 2887 nobis
3695 2842 3774 2887 ac
3845 2823 4094 2889 denun-

1088 2921 1328 2987 tiatum
1373 2964 1391 2985 .
1444 2915 1565 2983 sed
1616 2932 1795 2985 certe
1852 2918 1921 2985 &
1978 2915 2075 2985 hae
2126 2936 2348 3006 partes
2403 2922 2672 2991 fuerunt
2721 2934 2887 3001 tuae,
2942 2917 3020 2984 de
3073 2918 3452 2986 illustranda
3507 2925 3814 2989 oratione
3865 2941 3939 2995 ut
3997 2924 4094 2989 di-

1087 3042 1307 3103 ceres,
1367 3020 1435 3088 &
1492 3039 1634 3086 eras
1692 3015 1821 3108 ipse
1873 3020 2005 3097 jam
2056 3019 2380 3108 ingressus
2418 3075 2440 3106 ,
2507 3038 2698 3108 atque
2753 3020 2826 3089 in
2881 3034 3162 3106 quatuor
3218 3038 3431 3108 partes
3502 3046 3778 3089 omnem
3855 3026 4094 3092 oratio-

1086 3126 1194 3191 nis
1244 3120 1509 3190 laudem
1585 3119 2006 3208 descripseras
2044 3144 2065 3183 .·
2140 3142 2430 3216 cumque
2499 3118 2577 3190 de
2627 3118 2876 3187 duabus
2952 3121 3185 3208 primis
3257 3120 3441 3191 nobis
3516 3125 3792 3214 quidem
3865 3126 4018 3194 satis
4070 3179 4098 3212 ,

1088 3223 1234 3312 sed,
1284 3239 1356 3290 ut
1407 3221 1539 3311 ipse
1590 3223 1890 3309 dicebas,
1944 3223 2285 3311 celeriter,
2337 3225 2710 3313 exigueque
2765 3221 3022 3288 dixisses
3068 3274 3089 3307 ,
3163 3223 3326 3290 duas
3393 3222 3505 3293 tibi
3576 3229 3862 3318 reliquas
3917 3231 4094 3296 fece·-

1089 3345 1243 3412 ras;
1295 3323 1857 3414 quemadmodum
1911 3326 2204 3413 primum
2255 3341 2487 3393 ornate
2527 3376 2548 3409 ,
2616 3321 2850 3390 deinde
2921 3323 3124 3390 etiam
3194 3341 3341 3414 apte
3411 3327 3782 3396 diceremus
3839 3379 3855 3393 .
3935 3336 4098 3413 Quo

1092 3449 1251 3495 cum
1308 3426 1630 3516 ingressus
1686 3427 1839 3493 effes
1882 3477 1900 3510 ,
1972 3441 2232 3514 repente
2283 3442 2344 3493 te
2415 3425 2596 3515 quali
2650 3425 2924 3514 quidam
2991 3424 3174 3491 aestus
3248 3428 3496 3516 ingenii
3573 3433 3666 3494 tui
3741 3432 3970 3514 procul
4051 3452 4104 3498 a

1092 3544 1269 3595 terra
1324 3527 1643 3616 abripuit,
1698 3543 1890 3618 atque
1944 3528 2012 3596 in
2064 3529 2278 3594 altum
2329 3549 2368 3594 a
2422 3524 2768 3615 conspeetu
2822 3547 2982 3614 pene
3032 3529 3331 3594 omnium
3389 3525 3728 3612 abstraxit,
3775 3548 4098 3597 omnem-

1091 3630 1238 3721 que}
1292 3649 1513 3695 rerum
1586 3629 1927 3702 scientiam
1996 3630 2396 3718 complexus
2455 3682 2475 3715 ,
2544 3647 2678 3696 non
2749 3644 2821 3697 tu
2891 3627 3158 3717 quidem
3229 3649 3377 3693 eam
3446 3625 3627 3696 nobis
3712 3627 4018 3693 tradidisti
4069 3683 4102 3715 2

1086 3735 1115 3816 (
1179 3747 1387 3814 neque
1438 3730 1616 3794 enim
1672 3729 1801 3798 fuit
1852 3749 1991 3798 tam
2042 3733 2269 3820 exigui
2344 3731 2657 3818 temporis
2712 3727 2740 3804 )
2815 3729 2918 3793 {ed
2957 3783 2975 3812 ,
3032 3729 3202 3819 apud
3255 3730 3373 3798 hos
3444 3727 3603 3816 quid
3659 3729 4010 3814 profeceris
4073 3783 4098 3816 ,

1090 3826 1343 3895 nescio:
1396 3849 1501 3894 me
1550 3829 1814 3917 quidem
1866 3833 1933 3897 in
1987 3833 2428 3904 Academiam
2506 3845 2721 3894 totum
2775 3831 3146 3914 compulisti
3185 3878 3199 3901 .
3275 3835 3354 3900 In
3407 3849 3539 3916 qua
3595 3829 3796 3895 velim
3869 3827 3938 3894 fit
4013 3831 4096 3896 il·

1094 3928 1247 4012 lud,
1298 3931 1470 4017 quod
1530 3928 1683 4018 saepe
1740 3931 2003 4018 polinsti
2044 3987 2065 4018 ,
2139 3951 2212 4001 ut
2267 3953 2401 3998 non
2485 3929 2728 3994 neceffe
2784 3929 2860 3992 fit
2911 3927 3299 3994 consumere
3348 3945 3604 3994 aetatem
3654 3982 3672 4014 ,
3751 3945 3942 4017 atque
4015 3948 4092 3996 ut

1092 4029 1267 4121 poffit
1322 4032 1376 4104 is
1432 4031 1546 4102 illa
1596 4035 1818 4108 omnia
1868 4055 2139 4108 cernere
2181 4085 2203 4122 ,
2253 4034 2368 4122 qui
2419 4027 2884 4098 tautummodo
2933 4023 3303 4114 adspexerit
3347 4050 3365 4096 ε
3417 4027 3528 4100 sed
3571 4079 3592 4118 ,
3641 4031 3844 4098 etiam
3901 4031 3944 4096 fi
3995 4031 4094 4100 est

3867 4131 3986 4198 ali-

1158 4498 1317 4557 (61)
1374 4505 1514 4554 Cum
1570 4499 1823 4578 barbaros
1854 4523 1875 4566 ,-
1926 4503 2017 4559 hic
2050 4518 2244 4558 autem
2283 4544 2299 4568 ,
2357 4502 2471 4570 &a
2518 4510 2542 4568 )
2643 4511 2754 4577 go)
2793 4505 2884 4564 sed
2916 4506 3174 4565 barbaros
3214 4503 3497 4574 legendum
3529 4502 3676 4568 esses
3753 4503 3859 4561 uod
3895 4513 3950 4563 ὅ(
3973 4501 4100 4576 ipse

1090 4562 1321 4644 VersuS‚
1361 4568 1425 4644 ad
1464 4587 1622 4638 quem
1658 4573 1855 4628 alludit
1893 4574 2097 4630 Cicero
2132 4615 2147 4638 ,
2186 4575 2359 4629 exstat
2397 4577 2538 4645 apud
2645 4579 2854 4635 Cicero
2889 4579 3135 4643 indicat,
3171 4595 3292 4633 cum
3329 4575 3464 4631 dicit
3503 4576 3560 4631 in
3601 4595 3722 4632 accu
3753 4617 3768 4632 .
3825 4576 3938 4632 casn
3981 4574 4104 4645 Iso-

1090 4637 1319 4714 anet.
1356 4638 1540 4714 ¹¹b·.3·
1574 4659 1620 4691 c.
1650 4659 1693 4694 ι.
1732 4649 1787 4698 δε
1824 4643 1995 4711 Diog.
2031 4643 2308 4701 Laertium
2348 4644 2406 4702 in
2449 4648 2538 4706 vi·
2646 4665 2858 4706 cratem
2889 4671 2903 4706 :
2961 4667 3162 4720 nempe
3199 4646 3268 4704 fic
3305 4647 3559 4718 expletur
3599 4645 3864 4704 sententia
3903 4691 3919 4712 ‚
3962 4665 4100 4704 cem

1086 4725 1137 4766 ta
1178 4705 1536 4798 A'rlstotells·
1634 4779 1663 4797 ἦ
1791 4777 1805 4798 ‚
2649 4719 2896 4776 barbaros
2929 4732 3215 4793 pateretur
3251 4718 3461 4776 dicere.
3503 4721 3660 4777 Hanc
3697 4719 3944 4778 mendam
3985 4719 4106 4775 Γε-

1158 4784 1415 4858 Ammo-v
1450 4799 1717 4860 σιωπᾳν,
1756 4782 2067 4866 Ῑσσκξάφην
2102 4783 2161 4845 δ”
2187 4783 2291 4863 ε’ᾄν
2329 4790 2538 4861 >aiacem
2645 4810 2714 4863 pe
2753 4791 3115 4848 observarunt
3171 4789 3283 4846 viri
3333 4789 3615 4846 doftiffimi
3653 4813 3668 4846 ε
3713 4811 3870 4848 nemo
3903 4809 4104 4852 tamea

1090 4852 1287 4912 Versus
1338 4871 1513 4912 autem
1572 4851 1734 4925 ipfius
1792 4857 2072 4927 Euripidis
2128 4859 2190 4916 in
2229 4857 2533 4919 Philocteta
2645 4859 2817 4918 adhuc
2857 4862 3119 4919 barbaros
3159 4861 3218 4918 in
3257 4879 3466 4920 textum
3523 4861 3762 4932 reposuit
3804 4904 3817 4919 .
3871 4863 4039 4920 Adde
4077 4905 4099 4930 ,

1099 4922 1171 4984 fic
1210 4924 1263 4982 se
1304 4924 1495 4983 habet.
2643 4933 2788 5004 quod
2831 4934 2938 4992 ΜΓ.
2979 4935 3091 4990 Bal.
3126 4933 3285 4991 Harl.
3331 4955 3374 4989 ι.
3413 4937 3466 4990 &
3504 4935 3668 5008 Joan.
3704 4935 3965 4996 barbaros
4009 4955 4106 4996 re«

1148 4997 1417 5075 Αἰσχρέν
1449 5039 1467 5065 ,
1514 4999 1779 5073 σιωπᾷ-Ἰν,
1816 5004 1928 5074 βαρ
1991 5001 2099 5074 ’ςκς
2114 5001 2296 5082 δ’ἐοζν
2333 5009 2538 5080 λέγειν.
2645 5001 2872 5064 ctissime
2909 5002 3210 5065 exhibent.
3254 5010 3548 5064 Parcius.

1186 5075 1271 5128 Ex
1310 5093 1417 5146 quo
1456 5089 1679 5148 apparet
1708 5113 1728 5144 ,
1757 5093 1875 5133 1:011
1944 5076 2167 5142 arbaris
2209 5085 2236 5144 ί
2295 5097 2352 5137 ut
2414 5077 2539 5138 vul-
