4359 6321
915 442 1528 531 LIBER
1657 442 2473 537 PRIMUS.
2937 478 3111 573 ¹23

259 565 544 649 tatione,
591 562 662 634 ἁ
719 556 1097 647 umbratili,
1147 558 1442 633 medium
1495 562 1558 629 in
1612 580 1853 649 agmen
1900 614 1919 647 ‚
1970 561 2037 629 in
2093 562 2434 649 pulverem
2476 614 2499 649 ,
2566 562 2636 631 in
2691 562 3061 638 clamorem
3100 622 3121 654 ‚
3170 574 3243 649 in

255 663 504 748 castra,
555 682 752 756 atque
801 662 1012 731 aciem
1065 659 1435 731 forensem.
1487 660 1878 731 subeundus
1927 659 2084 734 usus
2130 665 2477 748 omnium,
2530 666 2601 737 ὅ(
2657 666 3090 753 periclitandae
3140 673 3241 738 vi-

251 787 359 835 res
407 766 656 853 ingenii
699 792 720 853 ;
767 767 838 835 6:
896 763 1010 831 illa
1065 763 1546 836 commentatio
1597 763 1894 845 inclusa,
1945 763 2012 831 in
2067 766 2355 835 veritatis
2408 766 2629 836 lucem
2668 768 3057 857 proferenda
3106 769 3239 842 est.

255 867 556 955 Legendi
605 872 806 935 etiam
857 881 1054 953 poetae
1106 916 1128 949 ,
1203 867 1271 935 ὃ(
1329 863 1782 952 cognoscenda
1835 864 2096 932 historia
2137 920 2158 951 ‚
2230 870 2537 937 omnium
2608 868 2939 939 bonarum
2994 872 3241 941 artium

250 964 591 1055 scriptores
659 990 736 1036 ac
807 965 1100 1033 <tortores
1157 967 1227 1034 &
1285 967 1672 1053 legendi&
1735 964 2255 1052 pervolutandi,
2330 972 2400 1036 &
2476 972 2971 1043 exercitationis
3039 974 3239 1051 causa

249 1066 563 1135 laudandi
617 1122 638 1149 .,
709 1064 1182 1155 interpretandi
1247 1116 1270 1149 ‚
1337 1065 1770 1155 corrigendi,
1893 1067 2371 1155 vituperandi,
2444 1068 2844 1157 refellendi3
2898 1071 3239 1159 disputan-

247 1168 544 1259 dumque
588 1170 668 1236 de
717 1172 904 1235 omni
961 1190 1028 1235 re
1085 1168 1152 1233 in
1203 1168 1560 1235 contrarias
1610 1184 1820 1253 partes
1861 1218 1880 1250 ,
1935 1168 2002 1235 &
2049 1220 2070 1254 ‚
2141 1169 2455 1259 quidquid
2504 1172 2625 1243 erit
2680 1170 2745 1236 in
2800 1191 3061 1261 quaque
3112 1194 3179 1241 re
3216 1224 3239 1259 ,

243 1271 422 1361 quod
479 1269 804 1359 probabile
861 1270 1068 1337 videri
1124 1269 1348 1357 posfit,
1401 1269 1808 1337 eliciendum
1863 1284 2058 1356 atque
2107 1267 2501 1341 dicendum.
2564 1270 3081 1339 perdiscendum
3134 1275 3241 1353 jus

233 1372 478 1455 civile,
527 1372 994 1461 cognoscendae
1045 1370 1224 1461 leges
1263 1426 1284 1457 ,
1359 1370 1766 1461 percipienda
1819 1372 2040 1438 omnis
2098 1371 2451 1461 antiquitas
2486 1424 2512 1457 ,
2586 1373 2905 1444 senatoria
2938 1375 3237 1455 ‚consue-

233 1470 446 1557 tudo,
495 1470 837 1561 disciplina
890 1471 1302 1562 reipublicae,
1352 1472 1500 1551 jura
1554 1471 1922 1557 sociorum,
1975 1471 2289 1557 foedera..,
2338 1472 2665 1563 pactiones
2708 1523 2728 1557 ,
2782 1473 2981 1540 causa
3034 1477 3237 1563 impe-

234 1574 316 1638 rii
371 1569 827 1661 cognoscenda
877 1574 966 1642 est
1003 1625 1018 1643 .
1094 1574 1428 1649 Libandus
1498 1572 1595 1641 est
1659 1575 1859 1643 etiam
1909 1593 1996 1643 ex
2047 1576 2233 1643 omni
2305 1593 2541 1662 genere
2594 1570 2994 1641 urbanitatis
3062 1576 3237 1646 face-

234 1672 482 1741 tiarum
534 1674 802 1765 quidam
857 1677 1080 1765 lepos:
1137 1701 1270 1766 quo
1311 1729 1334 1761 ‚
1383 1694 1706 1766 tanquam
1762 1676 1896 1742 sale
1935 1728 1956 1761 ‚
2005 1676 2467 1766 perspergatur
2525 1674 2739 1745 omnis
2791 1674 3005 1741 oratio
3042 1722 3059 1740 .
3117 1671 3237 1744 Ef-

236 1772 378 1837 fudi
431 1773 614 1839 vobis
667 1780 928 1861 omnia,
977 1800 1118 1865 quae
1177 1776 1528 1844 sentiebam
1571 1804 1588 1865 3
1641 1800 1786 1866 quae
1841 1777 2098 1845 fortaffe
2138 1830 2160 1863 ‚
2228 1794 2721 1866 quemcumque
2772 1776 3231 1862 patremfami-

234 1870 367 1938 lias
456 1874 863 1959 arripuiffetis
929 1897 1014 1940 ex
1089 1878 1314 1967 aliquo
1388 1879 1635 1947 circulo
1671 1931 1693 1965 ‚
1763 1878 2000 1947 eadem
2071 1876 2261 1947 vobis
2328 1872 2869 1967 percontantibus
2954 1875 3231 1969 respon·

231 1970 454 2037 differ.

338 2074 628 2139 XXXV.
689 2078 850 2145 Haec
897 2094 1057 2141 cum
1110 2074 1369 2141 Crassus
1419 2074 1717 2159 dixiffet,
1769 2074 2104 2145 filentium
2152 2076 2243 2145 est
2292 2075 2719 2147 consecutum
2762 2126 2779 2142 .
2848 2076 2971 2147 sed
3022 2096 3233 2166 quan-

229 2192 438 2263 quam
493 2171 642 2240 fatis
691 2175 810 2259 iis,
863 2178 974 2265 qui
1031 2174 1343 2261 aderant,
1393 2176 1474 2241 ad
1521 2174 1634 2260 iti,
1686 2174 1862 2262 quod
1915 2192 2060 2241 erat
2113 2174 2513 2263 propofitum
2554 2225 2575 2259 ‚
2642 2174 2895 2245 distum
2966 2175 3233 2245 videba-

227 2290 386 2361 tur,
435 2289 660 2340 tamen
715 2275 1073 2343 sentiebant
1125 2279 1403 2357 celerius
1451 2278 1572 2343 effe
1624 2276 1879 2355 multo..
1929 2297 2136 2365 quam
2184 2276 2301 2363 ipsi
2355 2276 2601 2349 vellent
2645 2324 2663 2359 ,
2716 2272 2796 2339 ab
2846 2294 2927 2343 eo
2972 2296 3233 2363 perora-

224 2393 418 2441 tum.
479 2380 664 2442 Tum
717 2380 1052 2463 Scaevola,
1102 2376 1260 2466 quid
1309 2378 1400 2445 est
1438 2432 1457 2464 ‚
1505 2382 1704 2443 Cotta
1749 2377 1788 2439 ἔ
1857 2376 2070 2463 inquit
2109 2428 2130 2461 ,
2186 2376 2343 2464 quid
2398 2376 2687 2447 tacetis?
2736 2373 2989 2451 nihilne
3043 2373 3235 2445 vobis

223 2479 293 2544 in
359 2493 648 2543 mentem
709 2480 930 2565 venit,
977 2480 1156 2569 quod
1207 2496 1514 2571 praeterea
1569 2498 1606 2543 a
1641 2475 1880 2543 'Craffo
1929 2477 2333 2568 requiratis?

339 2579 677 2646 Immo'id
734 2580 1160 2666 mehercule,
1211 2580 1464 2669 inquit,
1514 2576 1728 2667 ipsum
1779 2579 2084 2649 attendo.
2137 2580 2403 2646 Tantus
2456 2579 2637 2645 enim
2708 2572 2948 2647 cursus
3001 2572 3229 2643 verbo-

221 2701 380 2748 rum
433 2681 604 2767 fuit,
653 2682 727 2749 &
786 2681 871 2749 fic
923 2684 1220 2749 evolavit
1269 2681 1476 2749 oratio
1516 2733 1534 2766 ,
1607 2698 1678 2746 ut
1751 2680 1892 2758 eius
1966 2683 2106 2747 vim
2177 2690 2376 2768 atque
2424 2675 2883 2747 incitationem
2956 2674 3230 2764 aspexe-

220 2786 401 2869 ri1n3
459 2781 732 2869 vestigia
767 2834 788 2868 ,
841 2784 1324 2873 ingressumque
1381 2782 1490 2849 vix
1523 2778 1882 2877 *videtimt
1929 2783 2002 2851 ὃ(
2057 2797 2387 2870 tanquam
2436 2783 2505 2847 in
2562 2776 2861 2867 aliquam
2930 2777 3229 2864 locuple-

220 2902 363 2952 tem
419 2904 494 2951 ac
545 2882 860 2949 refertam
914 2886 1198 2953 domum
1253 2884 1600 2968 venerim,
1653 2902 1788 2948 non
1842 2883 2174 2968 explicata
2234 2880 2449 2967 veste,
2500 2900 2709 2970 neque
2761 2878 3097 2967 proposito
3118 2899 3225 2943 ar-

218 3002 432 3073 gento
471 3034 490 3065 ,
541 3004 754 3070 neque
805 2984 1045 3059 tabulis
1117 2989 1187 3056 &
1249 2984 1451 3074 fign'is
1521 2984 1854 3071 propalam
1911 2984 2303 3068 collocatis,
2381 2982 2491 3049 ied
2544 2979 3007 3055 his‚0mnibus
3042 2980 3225 3053 mul-

221 3085 354 3168 εἰς,
407 3081 905 3170 magnificisque
959 3085 1152 3152 rebus
1209 3089 1350 3172 (*)
1401 3084 1792 3153 construitis
1845 3106 1924 3151 ac
1977 3086 2386 3152 reconditis:
2464 3082 2553 3150 fic
2605 3081 2808 3151 modo
2862 3082 2932 3146 in
2984 3083 3223 3152 oratio·

219 3205 312 3250 ne
365 3179 560 3248 Crassi
615 3180 917 3267 divitias,
970 3203 1168 3272 atque
1218 3203 1602 3250 ornamenta
1653 3186 1795 3262 ejus
1846 3187 2098 3270 ingenii
2153 3206 2267 3270 per
2320 3181 2621 3271 quaedam
2675 3181 3075 3264 involucra,
3122 3198 3225 3248 at-

217 3307 354 3372 que
408 3284 862 3369 integumenta
913 3281 1254 3371 perspexi3
1313 3282 1416 3348 sed
1466 3304 1542 3348 ea
1595 3305 1752 3348 cum
1807 3283 2241 3368 contemplari
2290 3299 2603 3364 cuperem
2648 3331 2671 3362 ,
2740 3282 2856 3344 vix
2910 3279 3223 3362 aspicien—

218 3381 284 3451 di
339 3383 622 3476 potestas
671 3382 796 3450 fuit
833 3430 850 3449 .
926 3387 1029 3449 Ita
1082 3401 1292 3470 neque
1345 3383 1470 3448 hoc
1519 3383 1768 3468 possum
1820 3382 2042 3446 dicere
2080 3432 2103 3463 ,
2175 3399 2283 3446 me
2336 3376 2617 3442 omnino
2683 3377 2991 3464 ignorare
3061 3376 3225 3465 quid

217 3485 572 3575 poffideat,
622 3505 834 3573 neque
884 3484 1081 3570 plane
1131 3483 1352 3568 noae,
1405 3503 1482 3551 ac
1539 3480 1802 3548 vidi-fle.

325 3587 514 3674 Quin
560 3603 638 3652 tu
689 3585 898 3672 igitur
954 3585 1120 3654 facis
1171 3583 1390 3669 idem,
1439 3581 1661 3671 ‚inquit
1714 3580 2050 3665 Scaevola,
2101 3580 2283 3672 quod
2339 3577 2645 3664 faceres„
2698 3574 2745 3662 fi
2790 3578 2863 3665 ‚in
2922 3575 3221 3674 aliquam

213 3691 546 3772 domum,
594 3687 858 3773 plenam
910 3699 1458 3757 ornamentorum
1512 3683 1702 3748 illam
1745 3733 1768 3766 ,
1837 3681 2106 3748 venisses
2145 3728 2162 3744 .
2218 3680 2285 3746 Si
2336 3698 2414 3744 ea
2467 3676 2737 3766 seposita
2780 3726 2801 3760 ,
2852 3687 2928 3749 ut
2973 3676 3145 3744 dicis
3196 3729 3221 3764 ,

214 3795 423 3861 effent
461 3843 484 3874 ,
549 3805 753 3875 tuque
809 3788 1002 3854 valde
1055 3782 1386 3870 spectandi
1458 3782 1734 3869 cupidus
1803 3779 2026 3866 effes3
2099 3800 2235 3846 non
2302 3777 2633 3848 dubitares
2700 3793 2935 3865 rogare
3002 3775 3219 3847 domi.

211 3916 436 3979 num,
488 3907 560 3958 ut
611 3886 889 3976 proferri
943 3883 1192 3968 juberet
1233 3937 1254 3969 ‚
1325 3883 1683 3973 prasertim
1736 3879 1786 3946 st
1832 3881 1984 3948 effet
2037 3880 2385 3948 familiaris
2422 3905 2442 3946 ε
2513 3879 2807 3947 fimiliter
2878 3899 3059 3948 nunc
3108 3899 3221 3968 pe·-

208 4013 312 4062 tes
371 4015 408 4060 a
461 3989 680 4058 crasso
715 4041 736 4075 ,
801 4003 878 4057 ut
938 4008 1092 4056 earn
1141 3987 1402 4073 copiam
1471 4000 2016 4052 ornamentorum
2088 3981 2367 4050 luorum
2404 4033 2453 4069 ,-
2496 4001 2701 4072 quam
2770 3978 3218 4050 constructam

211 4117 346 4164 uno
398 4097 470 4167 in
523 4093 714 4174 loco,
761 4090 939 4180 quasi
997 4110 1111 4177 per
1159 4086 1588 4152 transennam
1643 4095 1842 4172 (44)
1920 4097 2383 4172 praetereuntes
2433 4081 2713 4152 strictim
2780 4077 3157 4168 aspeximus
3192 4133 3219 4170 ,

211 4197 278 4262 in
333 4197 562 4264 lucem
615 4193 949 4277 proferat,
1005 4193 1076 4260 &
1136 4186 1254 4254 suo
1301 4185 1592 4278 quidque
1645 4185 1798 4254 loco
1842 4186 2162 4256 collocet.

313 4301 464 4388 Ego
520 4310 720 4380 vet-0,
768 4294 987 4384 inquit
1037 4297 1277 4374 Cotta,
1328 4307 1367 4353 a
1411 4304 1482 4356 te
1535 4303 1684 4377 peto
1720 4337 1744 4375 ,
1791 4287 2130 4357 Scaevola:
2178 4303 2293 4352 me
2337 4285 2521 4354 enim
2562 4335 2587 4372 ,
2630 4285 2707 4355 ὃ(
2760 4283 2947 4354 hunc
2990 4283 3217 4372 Sulpia

435 4423 440 4426 ·
2099 4389 2198 4472 Q
2274 4411 2315 4456 ι
2578 4461 2585 4470 ,
2921 4385 3111 4454 cium

285 4752 402 4816 (⁴¹)
445 4749 830 4822 Construei‘is)
863 4733 1396 4822 Lanib.co2istrit³is,
1444 4749 1500 4802 δε
1534 4763 1672 4818 pau·
1775 4739 1929 4800 tibus
1961 4738 2249 4816 pretiosis,
2285 4757 2411 4812 quas
2448 4759 2476 4796 a
2556 4703 2969 4798 raetereuntibus
3006 4733 3215 4797 nolunt

213 4817 286 4884 lo,
316 4821 458 4878 infra
497 4820 846 4891 constrissaem
1774 4815 2097 4874 contrectari
2127 4855 2146 4880 ,
2184 4813 2315 4870 tales
2348 4831 2509 4869 cante
2556 4831 2619 4869 os
2666 4809 2939 4878 objiciunt
2964 4845 2982 4864 .
3015 4811 3211 4876 Itaque

289 4894 453 5021 (eff)
492 4891 680 4978 Quaefi
733 4887 1236 4972 ,er,traasetgnam)
1268 4894 1374 4950 Per
1408 4887 1680 4970 cancello-s
1773 4907 1877 4962 per
1907 4885 2281 4966 ⁸transennam
2327 4881 2563 4984 aspicere
2592 4926 2609 4951 ,
2641 4955 2650 4964 ·
2678 4882 2824 4966 ἰάερι
2872 4879 2995 4960 est„
3058 4872 3209 4948 quod

219 4957 308 5018 fen
393 4983 476 5023 ris
531 4985 567 5024 ο
705 4982 813 5028 1t0⁸
841 5006 864 5034 2
902 4961 1044 5023 visui
1083 4980 1259 5020 tamen
1297 4979 1554 5042 pervios.
1775 4978 1879 5018 nec
1937 4977 2166 5034 propius
2199 4997 2221 5024 ,
2280 4975 2385 5016 nec
2436 4953 2712 5029 sigillatim
2759 4967 2965 5010 intueri
2993 4985 3013 5003 .
3058 4955 3211 5046 Pru?

227 5033 556 5112 Metaphora
629 5035 744 5100 usta
779 5035 856 5099 est
889 5055 916 5092 a
951 5031 1374 5101 mercatoribus,
1407 5049 1678 5122 qutpmer-
1766 5031 1955 5105 steur.
