4359 6321
2172 434 2278 475 K
3186 445 3212 481 .”

1263 507 1437 601 314
2061 480 2151 569 D
2214 472 2315 569 Ε
2423 478 2503 569 c·
2559 464 2643 565 L
2702 471 2813 567 A
2864 474 2951 565 R
3011 475 3070 563 1
3116 474 3183 563 s
3801 584 3815 589 ,
3920 568 3927 577 ,

1135 606 1258 675 fuit
1311 604 1429 673 illo
1475 618 1772 693 tempore
1825 602 1901 667 L.
1957 598 2146 665 Pauli
2202 617 2437 685 nepos,
2490 594 2683 665 nullo
2731 596 2801 663 in
2854 609 3195 661 oratorum
3250 606 3568 679 munem,
3622 584 3735 661 sed
3810 594 3946 666 vita
4018 592 4117 669 se..

1134 726 1332 774 verus
1388 708 1460 776 δι
1515 722 1887 792 congruens
1942 720 2102 773 cum
2157 718 2235 765 ea
2283 696 2666 791 disciplina,
2715 716 2922 787 quam
2976 693 3272 763 colebat:
3330 692 3531 779 paulo
3583 693 3789 763 etiam
3837 696 4119 769 durior-‘2

1133 808 1250 903 qui
1300 808 1572 897 quidem
1626 804 1693 871 in
1767 801 2191 872 triumviratu
2263 798 2660 880 judicaverit
2709 816 2947 867 contra
3003 801 3071 860 Ρ.
3134 792 3441 860 Africani
3487 847 3508 881 ‚
3565 798 3879 866 avunculi
3934 796 4032 868 sui
4088 856 4115 889 2

1135 906 1630 991 testimonium,
1681 903 2089 971 vacationem
2159 912 2314 993 (9)
2366 920 2694 990 augureS,
2744 917 2874 986 quo
2926 898 3147 962 minus
3204 891 3427 971 iudicii
3478 916 3748 985 operam
3800 897 4035 967 darent
4094 954 4121 991 ‚

1137 1028 1272 1073 non
1308 1005 1546 1072 habere
1585 1028 1608 1066 .·
1673 1004 1776 1071 sed
1829 1020 1908 1078 ut
1961 1004 2090 1072 vita
2127 1056 2148 1089 ‚
2218 1002 2301 1070 sic
2356 1002 2653 1069 oratione
2704 994 2906 1063 durus
2944 1048 2965 1081 ,
3015 995 3357 1078 incultuS‚
3408 994 3721 1066 horridus
3782 1048 3799 1065 .
3882 1004 4117 1093 Itaque

1137 1104 1495 1177 honoribus
1545 1108 1873 1186 majorum
1925 1103 2316 1192 respondere
2373 1124 2507 1168 non
2580 1100 2787 1186 potuit
2830 1144 2844 1162 .
2924 1098 3080 1165 Fuit
3134 1112 3359 1163 autem
3414 1098 3717 1169 constans
3770 1102 3979 1191 civis,
4032 1106 4115 1173 δι’

1143 1206 1372 1292 fortis,
1427 1210 1496 1277 δε
1555 1211 1624 1276 in
1679 1210 1907 1297 primis
1964 1203 2270 1274 Graccho
2322 1212 2519 1287 (10)
2574 1196 2924 1286 molestus,
2973 1196 3145 1289 quod
3196 1192 3437 1265 indicat
3484 1202 3781 1273 Gracchi
3812 1196 3904 1269 'in
3952 1224 4121 1277 eum

1136 1312 1372 1377 oratio.
1425 1314 1590 1377 Sunt
1639 1314 1846 1378 etiam
1896 1309 1968 1373 in
2022 1302 2449 1389 Gracchum,
2500 1298 2915 1369 Tuberonis,
2970 1303 3036 1367 Is
3089 1299 3214 1367 fuit
3266 1300 3619 1371 mediocris
3672 1307 3742 1372 in
3793 1302 4113 1395 dicendo,

1143 1409 1543 1479 dofi'tiffimus
1594 1412 1661 1475 in
1714 1403 2140 1495 disputando,
3002 1406 3009 1415 '

1241 1515 1427 1581 Tum
1485 1516 1735 1577 Brutus
1773 1561 1794 1591 ,
1867 1510 2096 1589 Quam
2145 1504 2275 1574 hoc
2326 1506 2501 1575 idem
2553 1508 2621 1573 in
2675 1501 2903 1573 nostris
2954 1505 3344 1595 contingere
3394 1506 3702 1596 intelligo
3740 1560 3762 1595 ‚
3814 1508 3988 1601 quod
4036 1512 4115 1579 in

1139 1611 1450 1680 Graecis?
1511 1625 1584 1674 ut
1637 1628 1864 1673 omnes
1917 1604 2054 1674 fere
2110 1608 2311 1676 Stoici
2364 1606 2836 1697 prudentissimi
2911 1606 2979 1672 in
3032 1606 3392 1676 differendo
3446 1606 3568 1674 fint
3618 1661 3638 1695 ,
3716 1612 3787 1681 δε
3848 1612 3919 1681 id
3972 1628 4113 1680 arte

1144 1713 1390 1779 faciant
1430 1762 1448 1795 ,
1531 1708 1784 1799 fintque
1837 1708 2182 1777 architeffi
2232 1730 2396 1798 pene
2448 1710 2794 1779 verborum
2835 1734 2852 1775 ι
2908 1706 3105 1773 iidem
3160 1708 3445 1777 traduffi
3501 1731 3538 1776 a
3590 1708 3983 1800 disputando
4035 1708 4115 1779 ad

1145 1810 1540 1895 dicendum,
1589 1812 1813 1899 inopes
1867 1810 2311 1903 reperiantur.
2368 1814 2602 1878 Unum
2652 1810 2908 1897 excipIO
2956 1794 3333 1896 Catonern]
3386 1813 3451 1877 in
3504 1834 3640 1901 quo
3680 1868 3699 1899 ‚
3754 1812 4119 1899 perfeffiffi-

1142 1934 1258 1980 mo
1307 1913 1563 1997 Stoica,
1622 1910 1951 1978 summam
2009 1912 2463 2000 eloquentiam
2518 1935 2649 1979 non
2700 1909 3092 1977 desiderem:
3150 1912 3354 2001 quam
3406 1915 3723 2002 exiguam
3801 1916 3866 1979 in
3948 1906 4121 1979 Fan.

1146 2014 1300 2100 nio,
1349 2034 1431 2079 ne
1481 2013 1548 2078 in
1603 2014 1861 2079 Rutilio
1909 2010 2178 2104 quidem
2232 2032 2604 2103 magnam,
2652 2013 2725 2078 in
2776 2008 3130 2079 Tuberone
3186 2012 3443 2080 nullam
3502 2015 3686 2081 video
3740 2014 3922 2081 fuiffe
3962 2066 3978 2081 .
4038 2018 4125 2082 Et

1148 2134 1320 2207 egO,
1371 2136 1500 2181 non
1531 2166 1551 2199 ‚
1597 2114 1912 2207 inquam,
1965 2114 2217 2200 Brute,
2270 2116 2403 2181 fine
2452 2112 2686 2183 causa:
2742 2132 3080 2201 propterea
3138 2112 3308 2203 quod
3357 2112 3620 2181 istorum
3678 2117 3741 2179 in
3818 2114 4133 2183 dialecti-

1147 2216 1241 2281 cis
1294 2218 1510 2285 omnis
1562 2236 1717 2290 cura
1788 2213 2203 2284 consumitur
2250 2239 2266 2280 ι
2343 2234 2594 2304 vagum
2646 2214 2811 2282 illud
2866 2215 3231 2301 orationis,
3294 2215 3363 2284 δε
3421 2214 3639 2283 fusum
3682 2268 3701 2299 ,
3754 2220 3823 2284 δε
3880 2216 4137 2281 multi-

1145 2316 1298 2405 plex
1377 2338 1515 2390 non
1584 2314 1924 2389 adhibetur
1997 2318 2535 2409 genus-‘Tuus
2607 2334 2827 2384 autem
2896 2318 3332 2402 avunculus,
3379 2302 3936 2407 quemadmodum
3996 2314 4141 2384 scis

1147 2424 1288 2507 (11
1322 2426 1352 2501 )
1393 2474 1414 2507 ‚
1459 2414 1648 2485 habet
1699 2439 1736 2483 a
1787 2418 2014 2485 Stoicis
2066 2418 2127 2483 id
2169 2469 2191 2503 ,
2246 2416 2422 2507 quod
2476 2415 2555 2483 ab
2606 2419 2743 2485 illis
2796 2419 3146 2505 petendum
3206 2418 3333 2485 fuit
3374 2440 3393 2484 ι
3470 2417 3571 2484 sed
3622 2419 3841 2485 dicere
3892 2412 4135 2485 didicit

1145 2536 1188 2583 a
1239 2519 1500 2587 dicendi
1555 2518 1882 2609 magistris
1919 2572 1939 2603 ‚
2011 2540 2371 2613 eorumque
2423 2540 2607 2586 more
2659 2518 2721 2586 se
2776 2521 3070 2587 exercuit
3112 2568 3128 2583 .
3188 2518 3392 2605 Qod
3446 2518 3494 2586 fi
3544 2516 3767 2586 omn'ia
3818 2536 3858 2582 a
3914 2515 4129 2604 philo-

1151 2614 1365 2709 sophis
1415 2619 1607 2685 effent
1663 2623 1988 2709 petenda‚·
2049 2621 2637 2707 Peripateticorum
2690 2618 2995 2691 institutis
3044 2621 3457 2689 commodius
3536 2620 3907 2708 fingeretur
3981 2639 4127 2685 ora-

1149 2724 1277 2789 tio.
1329 2726 1484 2809 Qio
1540 2726 1752 2813 magis
1805 2739 2039 2806 tuum,
2089 2724 2337 2811 Brute,
2390 2720 2713 2797 iudicium
2767 2721 3006 2806 probe,
3058 2724 3177 2811 qui
3227 2742 3503 2807 eorum,
3556 2720 3620 2785 id
3670 2722 3765 2787 est
3816 2740 3899 2786 ex
3957 2736 4129 2786 vete..

1149 2844 1221 2891 re
1274 2824 1643 2889 AcademIa
1695 2821 2275 2909 philosophorum,
2332 2820 2572 2887 sestam
2628 2820 2891 2896 secutus
2940 2841 3051 2905 σε,
3104 2841 3391 2909 quorum
3446 2824 3513 2886 in
3564 2818 3865 2887 dostrifia
3930 2838 4125 2909 atque

1151 2927 1492 3019 praeceptis
1538 2918 1872 2991 differendi
1921 2921 2089 2991 ratio
2141 2922 2577 3011 conjungitur
2614 2928 2788 2993 ‘cum
2841 2922 3158 2997 iuavitate
3206 2921 3469 2995 dicendi
3514 2924 3587 2995 ἀ
3624 2926 3852 3016 copia.
3902 2927 4127 3009 Qan-

3830 3044 4019 3121 quam

1145 3222 4039 3270 w
4102 3267 4115 3284 ο

1155 3375 1360 3432 tilitate
1405 3417 1422 3434 .
1469 3379 1642 3436 Avita
1700 3373 1894 3433 decora
1925 3416 1943 3441 ,
1995 3382 2050 3434 δι
2091 3375 2371 3442 honores,
2407 3373 2597 3433 hono·
2694 3374 2849 3436 tonis
2901 3395 3017 3432 non
3076 3373 3341 3430 videntur
3390 3371 3623 3430 habuiise
3657 3395 3675 3430 .·
3734 3391 3855 3430 nam
3912 3371 4133 3432 Cicero'

1153 3463 1274 3502 rum
1311 3444 1428 3519 ipse
1479 3455 1810 3518 contemptu
1849 3449 2015 3518 longe
2064 3443 2343 3518 superavit
2378 3486 2395 3503 .
2450 3451 2592 3505 Nam
2695 3445 2844 3519 ipse,
2881 3465 3001 3504 cum
3040 3441 3167 3502 ess'et
3204 3463 3368 3515 augur
3406 3485 3423 3510 ,
3485 3445 3754 3502 verebatur
3790 3459 3976 3498 tamen
4004 3484 4020 3506 ,
4068 3457 4141 3497 ne

1141 3531 1522 3642 {nuper-tatem
1559 3519 1770 3588 generis
1807 3539 1835 3575 a
1871 3518 1978 3577 suis
2025 3519 2318 3586 majoribus
2351 3560 2367 3583 ‚
2436 3515 2588 3576 fasci-
2697 3517 2811 3577 (ors
2849 3518 2916 3575 de
2952 3515 3188 3584 judicatu
3228 3514 3317 3573 sua
3352 3517 3666 3574 educeretur
3702 3555 3717 3579 ‚
3754 3532 3815 3570 ut
3854 3511 3955 3568 lib.
4002 3533 4068 3569 xi
4090 3533 4143 3568 ι.

1191 3603 1249 3640 us
1285 3593 1342 3642 ὅ(
1379 3587 1681 3658 triumphis
1716 3609 1994 3666 ornatam,
2017 3589 2148 3670 'ipsc
2177 3631 2194 3656 ,
2228 3592 2451 3662 praelata
2485 3588 2591 3648 ho-
2692 3590 2759 3650 nd
2818 3591 2995 3649 Attic.
3036 3589 3247 3668 videre·
3276 3606 3483 3660 poteris
3516 3625 3553 3664 ,ι
3584 3590 3653 3661 Q.
3694 3585 3861 3655 igitur
3902 3584 4141 3642 Tubero

1155 3652 1378 3712 notibus
1431 3659 1778 3716 continentia
1824 3701 1844 3726 ,
1891 3681 2055 3732 inagis
2109 3663 2433 3720 nobilitavit
2487 3681 2588 3743 per

1151 3742 1424 3803 acceptam
1461 3725 1729 3799 repulsam
1762 3768 1779 3785 .
1817 3731 2055 3799 Epulum
2092 3752 2253 3792 emm
2277 3737 2337 3790 P.
2380 3731 2589 3790 Africa-

1154 3812 1215 3873 ιιι
1257 3813 1488 3874 nomine
1525 3797 1738 3868 populo
1775 3801 1940 3856 Rom.
1975 3819 2097 3858 cum
2133 3802 2289 3862 daret
2326 3803 2446 3859 Fab.
2472 3805 2589 3860 Ma·-

1153 3883 1371 3932 ximus‚
1410 3864 1528 3936 ipse
1567 3885 1874 3942 rogatus-ut
1913 3872 2221 3936 triclinium
2284 3871 2584 3938 sterneret,

1153 3935 1376 4013 leftulos
1415 3937 1622 4010 ligneos
1659 3941 1937 3995 Punicana
1991 3941 2225 4014 pellibus
2279 3944 2419 3999 texit
2470 3942 2588 4001 hsc-

1153 4005 1336 4070 dinis‚
1371 4011 1428 4087 β(
1465 4007 1652 4066 fictilia
1691 4027 1941 4066 veterum
1977 4030 2082 4082 pro
2119 4031 2393 4084 argenteis
2450 4015 2585 4074 vasis

1151 4077 1444 4148 exposuit.
1503 4081 1674 4153 Quam
1725 4079 2022 4140 obsoletam
2067 4089 2174 4154 jam
2228 4082 2586 4157 frugalitatem

1151 4149 1386 4226 populus
1421 4151 1606 4218 mirari
1639 4151 1904 4232 malebat,
1939 4171 2094 4226 quam
2126 4159 2401 4228 experiri,
2438 4157 2588 4230 plus·-

1151 4223 1468 4366 ixsfgffiss
1503 4225 1884 4368 ‘inrisu
1899 4219 2078 4358 ‘3:223
2114 4229 2588 4362 irriseris?

1151 4339 1664 4450 ejusque-ayunculi
1703 4367 1958 4449 Africani
1999 4373 2228 4430 merita:
2267 4373 2455 4447 quibus
2494 4344 2587 4434 hi}

1154 4457 1214 4494 ιιι
1252 4447 1486 4522 comitiis
1514 4458 1823 4522 praetoriis,
1854 4444 2051 4513 justum
2071 4442 2443 4518 fuffragiorum
2480 4469 2587 4506 nu-

1151 4527 1362 4569 merum
1399 4531 1622 4572 minime
1657 4512 1790 4570 tulit
1825 4553 1842 4569 .
1899 4515 2168 4574 Doctrina
2199 4519 2337 4587 juris
2378 4519 2587 4586 praesti-

1153 4583 1224 4640 rit
1279 4585 1530 4644 omnibus
1593 4600 1862 4657 quotquot
1927 4606 2056 4648 ante
2123 4587 2179 4645 se
2232 4592 2529 4646 floruerant
2566 4631 2591 4648 .

1153 4653 1379 4736 Scripsit
1431 4653 1686 4715 historias
1722 4697 1741 4723 ,
1792 4657 1850 4713 δε
1887 4657 2082 4720 librum
2133 4659 2203 4717 de
2238 4657 2461 4734 Officio
2495 4665 2584 4728 iu-

1152 4723 1284 4784 dicis
1319 4725 1388 4784 ad
1425 4729 1622 4800 Cajum
1660 4727 1918 4800 Oppium
1951 4769 1970 4788 .
2005 4731 2174 4788 Hunc
2214 4749 2349 4786 vero
2384 4728 2585 4788 consu-

1149 4795 1263 4856 lem
1297 4797 1482 4868 suiffe,
1515 4819 1546 4858 a
1581 4799 1742 4858 nullo
1779 4817 2061 4866 veterum,
2101 4817 2310 4870 praeter
2348 4803 2589 4873 Pompo-

1151 4873 1346 4937 nium,
1383 4873 1710 4946 accepimus.
1749 4874 2002 4929 Gravius
2029 4911 2046 4934 ‚
2079 4873 2146 4926 de
2184 4880 2328 4930 ortu
2368 4878 2549 4939 Iuris.

1225 4951 1348 5022 (9)
1388 4951 1778 5010 Vae-ationem)
1829 4946 1902 5020 Q
1939 4941 2158 5000 Tubero
2191 4941 2453 5024 judicavit
2490 4963 2586 5004 au-

1153 5029 1308 5090 gures
1347 5023 1682 5075 uacationem
1719 5037 1834 5074 non
1874 5014 2102 5079 habete,
2141 5033 2251 5088 quo
2290 5033 2463 5074 minus
2498 5018 2589 5084 ju·-

1167 5080 1324 5146 dxtiis
1357 5109 1580 5161 operam
1615 5089 1808 5149 darent
1844 5125 1862 5147 .
1915 5091 2189 5161 Tempore
2236 5107 2384 5149 certe
2422 5091 2589 5151 Cice·-

2688 3681 2881 3721 contra
2916 3658 3251 3721 P.'African1
3292 3657 3653 3716 testimonium
3690 3658 3965 3722 iudicavit
3992 3697 4007 3720 ,
4040 3675 4137 3711 au-

2690 3753 2848 3806 gures
2902 3732 3021 3802 cogi
3080 3728 3224 3803 polle
3262 3772 3278 3797 ‚
3332 3749 3393 3787 ur
3426 3728 3624 3804 judices
3660 3725 3863 3786 fierent
3892 3768 3911 3795 ,
3974 3731 4029 3782 fit
4064 3723 4139 3782 sic

2689 3805 2907 3874 judiciis
2940 3821 3159 3875 opernm
3196 3801 3387 3860 darent
3428 3823 3446 3858 .·
3500 3801 3647 3874 quod
3684 3797 3843 3869 hujus
3886 3798 3968 3856 rei
4006 3797 4143 3855 nul·-

2692 3878 2799 3934 lam
2844 3875 3187 3936 vacationem
3222 3873 3518 3932 haberent.
3558 3873 3713 3932 Idem
3742 3897 3761 3929 .-

2762 3953 2919 4012 (ιο)
2958 3947 3201 4006 Graccho
3240 3955 3266 4012 )
3304 3944 3659 4003 Tiberiumne
3722 3964 3791 4001 an
3828 3943 4026 4012 Caium
4066 3937 4149 3997 fi·-

2690 4015 2916 4090 gnificet
2952 4061 2971 4084 ,
3039 4020 3135 4075 vix
3190 4014 3315 4074 sciri
3350 4016 3532 4090 potest
3568 4037 3590 4081 ,-
3649 4013 3754 4075 niti
3810 4015 3923 4087 quis
4050 4029 4145 4070 tet

2688 4089 2970 4148 Tiberium
3010 4085 3299 4160 significari
3338 4129 3355 4154 ‚
3390 4088 3539 4162 quod
3578 4091 3689 4156 ejus
3726 4086 3921 4146 nicorio
3982 4100 4133 4152 upra

2692 4159 2759 4218 fit
2798 4157 2925 4218 facta
2964 4159 3061 4220 suo
3096 4161 3223 4218 loco
3254 4202 3271 4225 ,
3321 4161 3473 4238 &pa
3510 4159 3657 4219 dista
3694 4203 3711 4228 ,
3760 4168 3869 4230 quae
3902 4153 4146 4212 filerunt

2691 4233 2921 4291 dicenda
2954 4257 2973 4290 .·
3013 4235 3177 4302 Caius
3219 4250 3351 4289 vero
3388 4250 3449 4288 ιιι
3490 4229 3641 4290 suum
3692 4233 3857 4289 locum
3890 4223 4149 4306 dilatus·

2693 4309 2815 4367 Nec
2852 4323 2952 4378 ego
2988 4303 3321 4364 contendam
3358 4343 3375 4368 ,
3430 4301 3471 4360 fi
3508 4307 3625 4376 quis
3662 4301 3811 4362 hunc
3848 4297 3989 4358 dicat
4028 4295 4151 4358 effe

2691 4381 2893 4448 cajum
2922 4417 2941 4442 ,
2986 4377 3079 4434 vel
3116 4375 3187 4432 ob
3224 4375 3313 4442 id,
3340 4374 3487 4446 quod
3525 4377 3735 4434 Cicero
3778 4373 3920 4443 saepe
3958 4373 4153 4427 Grac-

2688 4447 2854 4508 chum
2896 4489 2931 4514 „
2967 4466 3090 4504 cum
3128 4444 3245 4503 fine
3279 4448 3625 4518 praenomine
3662 4446 3801 4504 dicit
3824 4487 3841 4512 ,
3880 4443 4089 4512 Caium
4134 4453 4162 4512 ,¹

2688 4539 2751 4579 ut
2793 4517 2887 4576 lib.
2930 4535 3051 4573 ιιι.
3094 4518 3165 4574 de
3202 4519 3369 4577 Orat.
3410 4517 3715 4589 significet.
3754 4519 3945 4575 Idem.

2759 4595 2867 4655 (ιι
2892 4595 2921 4646 ἲ
2974 4595 3132 4646 Tuus
3188 4603 3383 4644 autem
3418 4593 3746 4649 avunculus
3786 4631 3803 4656 ,
3867 4587 4157 4665 quemad-

2687 4661 2909 4720 modum
2933 4656 3042 4730 scis
3076 4666 3103 4726 )
3144 4661 3222 4716 M·
3264 4657 3380 4730 ipsc
3416 4665 3567 4721 Cato
3604 4706 3623 4731 ,
3662 4660 3915 4721 Serviliae
3958 4660 4157 4719 matris

2652 4751 2795 4800 ,tuoe
2856 4727 3020 4786 frater
3056 4772 3075 4798 ‚
3129 4749 3187 4789 ut
3235 4733 3441 4793 cicero
3494 4735 3592 4792 lib.
3636 4753 3755 4794 ιιι.
3810 4731 3881 4790 de
3920 4733 4047 4790 Fin.
4090 4737 4155 4792 δε

2688 4804 2832 4862 Plut.
2871 4803 2929 4857 in
2970 4805 3143 4862 Bruto
3180 4800 3453 4865 scribunt.
3494 4807 3655 4866 Dicit
3694 4847 3715 4875 ‚
3754 4803 3913 4876 scis·
3946 4821 4011 4860 ¹1⁸
4056 4801 4157 4864 so·

2690 4872 2831 4933 roris
2870 4871 3077 4932 scilicet
3112 4871 3259 4934 filius
3286 4919 3305 4945 ,
3353 4879 3517 4952 ipfius
3554 4879 3616 4936 in
3656 4879 3864 4952 Cypro
3900 4893 4091 4934 comes
4134 4915 4155 4944 ι

2688 4951 2745 5027 ὃς
2784 4944 3002 5002 tandem
3037 4967 3241 5018 genet,
3267 4969 3329 5007 ut
3364 4952 3686 5012 Plutarchus
3721 4949 3970 5008 ostendit
4002 4988 4020 5002 .
4063 4949 4155 5007 Sic

2691 5017 2787 5074 lib.
2832 5038 2947 5077 ιιι.
2983 5019 3052 5077 de
3090 5023 3209 5079 Fin-
3248 5031 3395 5081 Erat
3436 5067 3455 5091 ‚
3500 5040 3572 5082 ut
3593 5023 3707 5096 scu
3744 5065 3763 5091 ,
3820 5027 3891 5080 in
3930 5027 4153 5084 curem

2690 5089 3034 5165 inexhausto
3068 5094 3331 5154 aviditas
3366 5097 3594 5170 legende·
3612 5137 3633 5159 .
3670 5095 3857 5162 Idem.
