<?xml version="1.0" encoding="UTF-8"?>
<!DOCTYPE html PUBLIC "-//W3C//DTD XHTML 1.0 Transitional//EN"
    "http://www.w3.org/TR/xhtml1/DTD/xhtml1-transitional.dtd">
<html xmlns="http://www.w3.org/1999/xhtml" xml:lang="en" lang="en">
 <head>
  <title>
</title>
<meta http-equiv="Content-Type" content="text/html;charset=utf-8" />
  <meta name='ocr-system' content='tesseract 3.04.00' />
  <meta name='ocr-capabilities' content='ocr_page ocr_carea ocr_par ocr_line ocrx_word'/>
</head>
<body>
  <div class='ocr_page' id='page_1' title='image "./operacumdelectu00dgoog_0431.png"; bbox 0 0 4359 6321; ppageno 0'>
   <div class='ocr_carea' id='block_1_1' title="bbox 264 536 3299 4441">
    <p class='ocr_par' dir='ltr' id='par_1_1' title="bbox 264 536 3250 912">
     <span class='ocr_line' id='line_1_1' title="bbox 264 536 3250 720; baseline 0.001 -22"><span class='ocrx_word' id='word_1_1' title='bbox 264 645 398 720; x_wconf 76' lang='lat' dir='ltr'><strong>que</strong></span> <span class='ocrx_word' id='word_1_2' title='bbox 445 623 681 694; x_wconf 75' lang='lat' dir='ltr'><strong>artifex</strong></span> <span class='ocrx_word' id='word_1_3' title='bbox 718 673 745 710; x_wconf 84' lang='lat'>,</span> <span class='ocrx_word' id='word_1_4' title='bbox 806 621 948 692; x_wconf 77' lang='lat' dir='ltr'><strong>hoc</strong></span> <span class='ocrx_word' id='word_1_5' title='bbox 996 623 1173 692; x_wconf 87' lang='lat' dir='ltr'><strong>idem</strong></span> <span class='ocrx_word' id='word_1_6' title='bbox 1230 628 1301 696; x_wconf 74' lang='grc' dir='ltr'><strong>δε</strong></span> <span class='ocrx_word' id='word_1_7' title='bbox 1360 621 1679 692; x_wconf 66' lang='lat' dir='ltr'><strong>sentiv&amp;</strong></span> <span class='ocrx_word' id='word_1_8' title='bbox 1732 623 2017 712; x_wconf 71' lang='lat' dir='ltr'><strong>praecipit</strong></span> <span class='ocrx_word' id='word_1_9' title='bbox 2058 669 2077 689; x_wconf 86' lang='lat'><strong>.</strong></span> <span class='ocrx_word' id='word_1_10' title='bbox 2126 626 2618 718; x_wconf 80' lang='lat' dir='ltr'><strong>Theophrastus</strong></span> <span class='ocrx_word' id='word_1_11' title='bbox 2673 651 2837 701; x_wconf 80' lang='lat' dir='ltr'><strong>vero</strong></span> <span class='ocrx_word' id='word_1_12' title='bbox 2885 536 3126 704; x_wconf 59' lang='lat' dir='ltr'><strong>iil4den92</strong></span> <span class='ocrx_word' id='word_1_13' title='bbox 3167 631 3250 702; x_wconf 88' lang='lat' dir='ltr'><strong>de</strong></span> 
     </span>
     <span class='ocr_line' id='line_1_2' title="bbox 271 722 3250 826; baseline -0.001 -30"><span class='ocrx_word' id='word_1_14' title='bbox 271 727 461 802; x_wconf 54' lang='lat' dir='ltr'><strong>nebus</strong></span> <span class='ocrx_word' id='word_1_15' title='bbox 506 727 711 794; x_wconf 83' lang='lat' dir='ltr'><strong>etiam</strong></span> <span class='ocrx_word' id='word_1_16' title='bbox 758 725 1135 794; x_wconf 77' lang='lat' dir='ltr'>accuratius</span> <span class='ocrx_word' id='word_1_17' title='bbox 1170 771 1187 788; x_wconf 91' lang='lat'><strong>.</strong></span> <span class='ocrx_word' id='word_1_18' title='bbox 1264 724 1435 809; x_wconf 82' lang='lat' dir='ltr'><strong>Qis</strong></span> <span class='ocrx_word' id='word_1_19' title='bbox 1500 743 1667 812; x_wconf 87' lang='lat' dir='ltr'><strong>ergo</strong></span> <span class='ocrx_word' id='word_1_20' title='bbox 1716 722 1869 790; x_wconf 79' lang='lat' dir='ltr'><strong>istos</strong></span> <span class='ocrx_word' id='word_1_21' title='bbox 1921 725 2093 794; x_wconf 88' lang='lat' dir='ltr'><strong>ferat</strong></span> <span class='ocrx_word' id='word_1_22' title='bbox 2134 777 2159 812; x_wconf 89' lang='lat'><strong>‚</strong></span> <span class='ocrx_word' id='word_1_23' title='bbox 2207 731 2320 818; x_wconf 85' lang='lat' dir='ltr'><strong>qui</strong></span> <span class='ocrx_word' id='word_1_24' title='bbox 2369 731 2499 802; x_wconf 82' lang='lat' dir='ltr'><strong>hos</strong></span> <span class='ocrx_word' id='word_1_25' title='bbox 2549 733 2856 806; x_wconf 62' lang='lat' dir='ltr'><strong>austures</strong></span> <span class='ocrx_word' id='word_1_26' title='bbox 2902 758 3036 805; x_wconf 88' lang='lat' dir='ltr'><strong>non</strong></span> <span class='ocrx_word' id='word_1_27' title='bbox 3091 754 3250 826; x_wconf 81' lang='lat' dir='ltr'><strong>pto.</strong></span> 
     </span>
     <span class='ocr_line' id='line_1_3' title="bbox 269 822 2438 912; baseline -0.001 -14"><span class='ocrx_word' id='word_1_28' title='bbox 269 827 463 898; x_wconf 76' lang='lat' dir='ltr'><strong>bent?</strong></span> <span class='ocrx_word' id='word_1_29' title='bbox 520 827 639 896; x_wconf 80' lang='lat' dir='ltr'><strong>nili</strong></span> <span class='ocrx_word' id='word_1_30' title='bbox 690 829 977 894; x_wconf 85' lang='lat' dir='ltr'><strong>omnino</strong></span> <span class='ocrx_word' id='word_1_31' title='bbox 1028 825 1165 892; x_wconf 77' lang='lat' dir='ltr'><strong>haec</strong></span> <span class='ocrx_word' id='word_1_32' title='bbox 1210 824 1377 892; x_wconf 86' lang='lat' dir='ltr'><strong>esse</strong></span> <span class='ocrx_word' id='word_1_33' title='bbox 1435 822 1517 892; x_wconf 80' lang='lat' dir='ltr'><strong>ab</strong></span> <span class='ocrx_word' id='word_1_34' title='bbox 1562 825 1673 891; x_wconf 84' lang='lat' dir='ltr'><strong>his</strong></span> <span class='ocrx_word' id='word_1_35' title='bbox 1724 839 2045 912; x_wconf 63' lang='lat' dir='ltr'><strong>pra-cepta</strong></span> <span class='ocrx_word' id='word_1_36' title='bbox 2096 827 2438 900; x_wconf 81' lang='lat' dir='ltr'><strong>nesciunt.</strong></span> 
     </span>
    </p>

    <p class='ocr_par' dir='ltr' id='par_1_2' title="bbox 276 924 3266 1725">
     <span class='ocr_line' id='line_1_4' title="bbox 370 924 3256 1028; baseline 0.006 -34"><span class='ocrx_word' id='word_1_37' title='bbox 370 927 572 1016; x_wconf 75' lang='lat' dir='ltr'><strong>Qiod</strong></span> <span class='ocrx_word' id='word_1_38' title='bbox 620 927 669 998; x_wconf 86' lang='lat' dir='ltr'>fi</span> <span class='ocrx_word' id='word_1_39' title='bbox 721 927 813 994; x_wconf 88' lang='lat' dir='ltr'><strong>ita</strong></span> <span class='ocrx_word' id='word_1_40' title='bbox 860 925 953 996; x_wconf 89' lang='lat' dir='ltr'><strong>est</strong></span> <span class='ocrx_word' id='word_1_41' title='bbox 987 976 1013 1010; x_wconf 80' lang='lat'><strong>,</strong></span> <span class='ocrx_word' id='word_1_42' title='bbox 1076 947 1199 994; x_wconf 82' lang='lat' dir='ltr'><strong>nec</strong></span> <span class='ocrx_word' id='word_1_43' title='bbox 1250 947 1417 996; x_wconf 84' lang='lat' dir='ltr'><strong>vero</strong></span> <span class='ocrx_word' id='word_1_44' title='bbox 1464 925 1661 993; x_wconf 81' lang='lat' dir='ltr'><strong>aliter</strong></span> <span class='ocrx_word' id='word_1_45' title='bbox 1706 924 2013 994; x_wconf 81' lang='lat' dir='ltr'><strong>existimo</strong></span> <span class='ocrx_word' id='word_1_46' title='bbox 2048 948 2073 986; x_wconf 89' lang='lat'><strong>.·</strong></span> <span class='ocrx_word' id='word_1_47' title='bbox 2146 930 2300 1016; x_wconf 87' lang='lat' dir='ltr'><strong>quia</strong></span> <span class='ocrx_word' id='word_1_48' title='bbox 2351 931 2466 1020; x_wconf 78' lang='lat' dir='ltr'><strong>ipli</strong></span> <span class='ocrx_word' id='word_1_49' title='bbox 2519 933 2652 1006; x_wconf 66' lang='lat' dir='ltr'><strong>fuis</strong></span> <span class='ocrx_word' id='word_1_50' title='bbox 2708 937 2996 1008; x_wconf 82' lang='lat' dir='ltr'><strong>senfibus</strong></span> <span class='ocrx_word' id='word_1_51' title='bbox 3047 947 3256 1028; x_wconf 84' lang='lat'><em>(73)</em></span> 
     </span>
     <span class='ocr_line' id='line_1_5' title="bbox 277 1025 3256 1127; baseline 0.001 -25"><span class='ocrx_word' id='word_1_52' title='bbox 277 1054 405 1106; x_wconf 87' lang='lat' dir='ltr'><strong>non</strong></span> <span class='ocrx_word' id='word_1_53' title='bbox 456 1045 863 1116; x_wconf 78' lang='lat' dir='ltr'><strong>moventur,</strong></span> <span class='ocrx_word' id='word_1_54' title='bbox 912 1027 1181 1096; x_wconf 79' lang='lat' dir='ltr'><strong>nihilne</strong></span> <span class='ocrx_word' id='word_1_55' title='bbox 1221 1028 1313 1095; x_wconf 88' lang='lat' dir='ltr'><strong>eis</strong></span> <span class='ocrx_word' id='word_1_56' title='bbox 1365 1029 1565 1094; x_wconf 84' lang='lat' dir='ltr'><strong>inane</strong></span> <span class='ocrx_word' id='word_1_57' title='bbox 1619 1025 1923 1094; x_wconf 68' lang='lat' dir='ltr'><strong>videtur?</strong></span> <span class='ocrx_word' id='word_1_58' title='bbox 1977 1025 2147 1094; x_wconf 85' lang='lat' dir='ltr'>nihil</span> <span class='ocrx_word' id='word_1_59' title='bbox 2189 1031 2655 1126; x_wconf 81' lang='lat' dir='ltr'><strong>inconditum,</strong></span> <span class='ocrx_word' id='word_1_60' title='bbox 2709 1043 2879 1112; x_wconf 85' lang='lat' dir='ltr'><strong>nihil</strong></span> <span class='ocrx_word' id='word_1_61' title='bbox 2923 1045 3256 1127; x_wconf 75' lang='lat' dir='ltr'><strong>&#39;cut-tum,</strong></span> 
     </span>
     <span class='ocr_line' id='line_1_6' title="bbox 276 1125 3260 1225; baseline 0 -19"><span class='ocrx_word' id='word_1_62' title='bbox 276 1133 435 1206; x_wconf 81' lang='lat' dir='ltr'><strong>nihil</strong></span> <span class='ocrx_word' id='word_1_63' title='bbox 474 1131 899 1217; x_wconf 75' lang='lat' dir='ltr'><strong>claudicans,</strong></span> <span class='ocrx_word' id='word_1_64' title='bbox 940 1128 1113 1199; x_wconf 79' lang='lat' dir='ltr'><strong>nihil</strong></span> <span class='ocrx_word' id='word_1_65' title='bbox 1156 1126 1585 1198; x_wconf 77' lang='lat' dir='ltr'><strong>redundans?</strong></span> <span class='ocrx_word' id='word_1_66' title='bbox 1630 1129 1719 1192; x_wconf 76' lang='lat'><strong>111</strong></span> <span class='ocrx_word' id='word_1_67' title='bbox 1754 1126 1949 1196; x_wconf 80' lang='lat' dir='ltr'><strong>versu</strong></span> <span class='ocrx_word' id='word_1_68' title='bbox 2002 1125 2274 1216; x_wconf 81' lang='lat' dir='ltr'><strong>quidem</strong></span> <span class='ocrx_word' id='word_1_69' title='bbox 2317 1131 2584 1202; x_wconf 85' lang='lat' dir='ltr'><strong>theatra</strong></span> <span class='ocrx_word' id='word_1_70' title='bbox 2633 1150 2770 1208; x_wconf 89' lang='lat' dir='ltr'><strong>tota</strong></span> <span class='ocrx_word' id='word_1_71' title='bbox 2819 1143 3215 1212; x_wconf 77' lang='lat' dir='ltr'><strong>exclamant</strong></span> <span class='ocrx_word' id='word_1_72' title='bbox 3237 1191 3260 1225; x_wconf 92' lang='lat'>,</span> 
     </span>
     <span class='ocr_line' id='line_1_7' title="bbox 278 1228 3256 1330; baseline -0.003 -22"><span class='ocrx_word' id='word_1_73' title='bbox 278 1237 324 1308; x_wconf 84' lang='lat' dir='ltr'><strong>fi</strong></span> <span class='ocrx_word' id='word_1_74' title='bbox 374 1236 505 1306; x_wconf 81' lang='lat' dir='ltr'><strong>fuit</strong></span> <span class='ocrx_word' id='word_1_75' title='bbox 556 1253 691 1305; x_wconf 83' lang='lat' dir='ltr'><strong>una</strong></span> <span class='ocrx_word' id='word_1_76' title='bbox 745 1228 997 1318; x_wconf 77' lang='lat' dir='ltr'><strong>syllaba</strong></span> <span class='ocrx_word' id='word_1_77' title='bbox 1050 1229 1311 1298; x_wconf 77' lang='lat' dir='ltr'><strong>brevior</strong></span> <span class='ocrx_word' id='word_1_78' title='bbox 1380 1243 1495 1298; x_wconf 84' lang='lat' dir='ltr'><strong>ant</strong></span> <span class='ocrx_word' id='word_1_79' title='bbox 1542 1229 1811 1316; x_wconf 76' lang='lat' dir='ltr'><strong>longior</strong></span> <span class='ocrx_word' id='word_1_80' title='bbox 1846 1275 1865 1294; x_wconf 92' lang='lat'><strong>.</strong></span> <span class='ocrx_word' id='word_1_81' title='bbox 1936 1231 2079 1295; x_wconf 86' lang='lat' dir='ltr'><strong>Nec</strong></span> <span class='ocrx_word' id='word_1_82' title='bbox 2150 1251 2316 1300; x_wconf 83' lang='lat' dir='ltr'><strong>vero</strong></span> <span class='ocrx_word' id='word_1_83' title='bbox 2365 1231 2736 1308; x_wconf 80' lang='lat' dir='ltr'><strong>multitudo</strong></span> <span class='ocrx_word' id='word_1_84' title='bbox 2781 1243 2972 1330; x_wconf 70' lang='lat' dir='ltr'><strong>pedes</strong></span> <span class='ocrx_word' id='word_1_85' title='bbox 3025 1242 3256 1325; x_wconf 74' lang='lat' dir='ltr'><strong>novit,</strong></span> 
     </span>
     <span class='ocr_line' id='line_1_8' title="bbox 278 1328 3258 1431; baseline 0 -22"><span class='ocrx_word' id='word_1_86' title='bbox 278 1355 397 1410; x_wconf 86' lang='lat' dir='ltr'><strong>nec</strong></span> <span class='ocrx_word' id='word_1_87' title='bbox 466 1337 639 1406; x_wconf 68' lang='lat' dir='ltr'><strong>ullos</strong></span> <span class='ocrx_word' id='word_1_88' title='bbox 706 1351 1021 1402; x_wconf 87' lang='lat' dir='ltr'><strong>numeros</strong></span> <span class='ocrx_word' id='word_1_89' title='bbox 1076 1347 1253 1400; x_wconf 83' lang='lat' dir='ltr'><strong>tenet</strong></span> <span class='ocrx_word' id='word_1_90' title='bbox 1284 1355 1310 1396; x_wconf 65' lang='grc' dir='ltr'><strong><em>τ</em></strong></span> <span class='ocrx_word' id='word_1_91' title='bbox 1362 1351 1491 1400; x_wconf 83' lang='lat' dir='ltr'><strong>nec</strong></span> <span class='ocrx_word' id='word_1_92' title='bbox 1542 1329 1707 1396; x_wconf 86' lang='lat' dir='ltr'><strong>illud</strong></span> <span class='ocrx_word' id='word_1_93' title='bbox 1746 1379 1798 1426; x_wconf 16' lang='grc' dir='ltr'><strong>,ἡ</strong></span> <span class='ocrx_word' id='word_1_94' title='bbox 1842 1329 2021 1420; x_wconf 80' lang='lat' dir='ltr'><strong>quod</strong></span> <span class='ocrx_word' id='word_1_95' title='bbox 2067 1328 2384 1420; x_wconf 82' lang='lat' dir='ltr'><strong>effendit,</strong></span> <span class='ocrx_word' id='word_1_96' title='bbox 2435 1352 2552 1404; x_wconf 86' lang='lat' dir='ltr'><strong>aut</strong></span> <span class='ocrx_word' id='word_1_97' title='bbox 2599 1357 2724 1408; x_wconf 84' lang='lat' dir='ltr'><strong>cur</strong></span> <span class='ocrx_word' id='word_1_98' title='bbox 2757 1393 2782 1429; x_wconf 80' lang='lat'>,</span> <span class='ocrx_word' id='word_1_99' title='bbox 2831 1361 2947 1410; x_wconf 87' lang='lat' dir='ltr'><strong>aut</strong></span> <span class='ocrx_word' id='word_1_100' title='bbox 2999 1344 3072 1411; x_wconf 89' lang='lat' dir='ltr'><strong>in</strong></span> <span class='ocrx_word' id='word_1_101' title='bbox 3123 1359 3258 1431; x_wconf 87' lang='lat' dir='ltr'><strong>quo</strong></span> 
     </span>
     <span class='ocr_line' id='line_1_9' title="bbox 278 1428 3260 1524; baseline -0.004 -16"><span class='ocrx_word' id='word_1_102' title='bbox 278 1433 973 1524; x_wconf 65' lang='lat' dir='ltr'><strong>offmdat„intelligit</strong></span> <span class='ocrx_word' id='word_1_103' title='bbox 1010 1457 1030 1498; x_wconf 74' lang='lat' dir='ltr'><strong><em>z</em></strong></span> <span class='ocrx_word' id='word_1_104' title='bbox 1104 1434 1175 1502; x_wconf 75' lang='grc' dir='ltr'><strong>δε</strong></span> <span class='ocrx_word' id='word_1_105' title='bbox 1235 1447 1461 1500; x_wconf 86' lang='lat' dir='ltr'><strong>tamen</strong></span> <span class='ocrx_word' id='word_1_106' title='bbox 1510 1431 1817 1499; x_wconf 86' lang='lat' dir='ltr'><strong>omnium</strong></span> <span class='ocrx_word' id='word_1_107' title='bbox 1867 1428 2372 1516; x_wconf 86' lang='lat' dir='ltr'><strong>longitudinum</strong></span> <span class='ocrx_word' id='word_1_108' title='bbox 2449 1437 2534 1508; x_wconf 65' lang='grc' dir='ltr'><strong>ὃς</strong></span> <span class='ocrx_word' id='word_1_109' title='bbox 2578 1439 2986 1510; x_wconf 72' lang='lat' dir='ltr'><strong>brevitatum</strong></span> <span class='ocrx_word' id='word_1_110' title='bbox 3035 1443 3105 1508; x_wconf 75' lang='lat' dir='ltr'><strong>in</strong></span> <span class='ocrx_word' id='word_1_111' title='bbox 3159 1438 3260 1508; x_wconf 80' lang='lat' dir='ltr'><strong>so.</strong></span> 
     </span>
     <span class='ocr_line' id='line_1_10' title="bbox 282 1529 3266 1628; baseline -0 -21"><span class='ocrx_word' id='word_1_112' title='bbox 282 1543 381 1608; x_wconf 76' lang='lat' dir='ltr'><strong>nis</strong></span> <span class='ocrx_word' id='word_1_113' title='bbox 418 1591 439 1624; x_wconf 87' lang='lat'>‚</span> <span class='ocrx_word' id='word_1_114' title='bbox 512 1538 673 1614; x_wconf 75' lang='lat' dir='ltr'><strong>ficut</strong></span> <span class='ocrx_word' id='word_1_115' title='bbox 720 1553 1087 1608; x_wconf 86' lang='lat' dir='ltr'><strong>acutarum.</strong></span> <span class='ocrx_word' id='word_1_116' title='bbox 1120 1535 1567 1628; x_wconf 70' lang='lat' dir='ltr'><strong>graviumque</strong></span> <span class='ocrx_word' id='word_1_117' title='bbox 1616 1551 1867 1604; x_wconf 76' lang='lat' dir='ltr'><strong>vocum</strong></span> <span class='ocrx_word' id='word_1_118' title='bbox 1904 1571 1931 1622; x_wconf 65' lang='lat'>5</span> <span class='ocrx_word' id='word_1_119' title='bbox 2002 1529 2321 1610; x_wconf 85' lang='lat' dir='ltr'><strong>iudicium</strong></span> <span class='ocrx_word' id='word_1_120' title='bbox 2374 1532 2510 1623; x_wconf 77' lang='lat' dir='ltr'><strong>ipsa</strong></span> <span class='ocrx_word' id='word_1_121' title='bbox 2579 1553 2816 1610; x_wconf 82' lang='lat' dir='ltr'><strong>natura</strong></span> <span class='ocrx_word' id='word_1_122' title='bbox 2865 1548 2937 1614; x_wconf 88' lang='lat' dir='ltr'><strong>in</strong></span> <span class='ocrx_word' id='word_1_123' title='bbox 2993 1539 3266 1611; x_wconf 80' lang='lat' dir='ltr'><strong>auribus</strong></span> 
     </span>
     <span class='ocr_line' id='line_1_11' title="bbox 284 1637 953 1725; baseline -0.006 -16"><span class='ocrx_word' id='word_1_124' title='bbox 284 1639 511 1710; x_wconf 84' lang='lat' dir='ltr'><strong>nostris</strong></span> <span class='ocrx_word' id='word_1_125' title='bbox 562 1637 953 1725; x_wconf 66' lang='lat' dir='ltr'><strong>collocavit,</strong></span> 
     </span>
    </p>

    <p class='ocr_par' dir='ltr' id='par_1_3' title="bbox 284 1733 3292 2831">
     <span class='ocr_line' id='line_1_12' title="bbox 382 1733 3273 1835; baseline 0.001 -25"><span class='ocrx_word' id='word_1_126' title='bbox 382 1744 540 1810; x_wconf 85' lang='lat' dir='ltr'><strong>Lll.</strong></span> <span class='ocrx_word' id='word_1_127' title='bbox 592 1740 803 1810; x_wconf 71' lang='lat' dir='ltr'><strong>Visne</strong></span> <span class='ocrx_word' id='word_1_128' title='bbox 843 1740 1061 1830; x_wconf 82' lang='lat' dir='ltr'><strong>igitur</strong></span> <span class='ocrx_word' id='word_1_129' title='bbox 1104 1791 1125 1828; x_wconf 91' lang='lat'>,</span> <span class='ocrx_word' id='word_1_130' title='bbox 1194 1743 1442 1826; x_wconf 79' lang='lat' dir='ltr'><strong>Brute,</strong></span> <span class='ocrx_word' id='word_1_131' title='bbox 1488 1753 1709 1806; x_wconf 82' lang='lat' dir='ltr'><strong>totum</strong></span> <span class='ocrx_word' id='word_1_132' title='bbox 1758 1733 1943 1807; x_wconf 80' lang='lat' dir='ltr'><strong>hunc</strong></span> <span class='ocrx_word' id='word_1_133' title='bbox 2013 1735 2242 1808; x_wconf 83' lang='lat' dir='ltr'><strong>locum</strong></span> <span class='ocrx_word' id='word_1_134' title='bbox 2313 1741 2702 1810; x_wconf 84' lang='lat' dir='ltr'><strong>accuratius·</strong></span> <span class='ocrx_word' id='word_1_135' title='bbox 2737 1743 2938 1812; x_wconf 77' lang='lat' dir='ltr'><strong>etiam</strong></span> <span class='ocrx_word' id='word_1_136' title='bbox 2987 1745 3273 1835; x_wconf 78' lang='lat' dir='ltr'><strong>explice-</strong></span> 
     </span>
     <span class='ocr_line' id='line_1_13' title="bbox 284 1835 3272 1933; baseline -0 -21"><span class='ocrx_word' id='word_1_137' title='bbox 284 1865 474 1930; x_wconf 72' lang='lat' dir='ltr'><strong>mu5‚</strong></span> <span class='ocrx_word' id='word_1_138' title='bbox 526 1864 731 1933; x_wconf 75' lang='lat' dir='ltr'><strong>qnam</strong></span> <span class='ocrx_word' id='word_1_139' title='bbox 784 1841 887 1910; x_wconf 84' lang='lat' dir='ltr'><strong>illi</strong></span> <span class='ocrx_word' id='word_1_140' title='bbox 938 1841 1095 1930; x_wconf 79' lang='lat' dir='ltr'><strong>ipsi,</strong></span> <span class='ocrx_word' id='word_1_141' title='bbox 1143 1843 1255 1932; x_wconf 87' lang='lat' dir='ltr'><strong>qui</strong></span> <span class='ocrx_word' id='word_1_142' title='bbox 1308 1844 1379 1910; x_wconf 78' lang='grc' dir='ltr'><strong>δε</strong></span> <span class='ocrx_word' id='word_1_143' title='bbox 1436 1839 1573 1908; x_wconf 84' lang='lat' dir='ltr'><strong>haec</strong></span> <span class='ocrx_word' id='word_1_144' title='bbox 1615 1891 1637 1925; x_wconf 92' lang='lat'>‚</span> <span class='ocrx_word' id='word_1_145' title='bbox 1708 1839 1781 1908; x_wconf 76' lang='grc' dir='ltr'><strong>δι</strong></span> <span class='ocrx_word' id='word_1_146' title='bbox 1842 1836 1973 1904; x_wconf 88' lang='lat' dir='ltr'><strong>alia</strong></span> <span class='ocrx_word' id='word_1_147' title='bbox 2026 1835 2218 1910; x_wconf 84' lang='lat' dir='ltr'><strong>nobis</strong></span> <span class='ocrx_word' id='word_1_148' title='bbox 2267 1840 2730 1916; x_wconf 80' lang='lat' dir='ltr'><strong>tradiderunt?</strong></span> <span class='ocrx_word' id='word_1_149' title='bbox 2786 1847 2901 1916; x_wconf 86' lang='lat' dir='ltr'><strong>An</strong></span> <span class='ocrx_word' id='word_1_150' title='bbox 2949 1845 3062 1914; x_wconf 84' lang='lat' dir='ltr'><strong>his</strong></span> <span class='ocrx_word' id='word_1_151' title='bbox 3109 1865 3272 1913; x_wconf 72' lang='lat' dir='ltr'><strong>con-</strong></span> 
     </span>
     <span class='ocr_line' id='line_1_14' title="bbox 286 1937 3278 2036; baseline 0 -24"><span class='ocrx_word' id='word_1_152' title='bbox 286 1945 445 2012; x_wconf 85' lang='lat' dir='ltr'><strong>tenti</strong></span> <span class='ocrx_word' id='word_1_153' title='bbox 494 1942 617 2012; x_wconf 82' lang='lat' dir='ltr'><strong>esse</strong></span> <span class='ocrx_word' id='word_1_154' title='bbox 664 1996 685 2031; x_wconf 90' lang='lat'><strong>,</strong></span> <span class='ocrx_word' id='word_1_155' title='bbox 750 1965 897 2035; x_wconf 81' lang='lat' dir='ltr'><strong>quae</strong></span> <span class='ocrx_word' id='word_1_156' title='bbox 948 1939 1029 2008; x_wconf 90' lang='lat' dir='ltr'><strong>ab</strong></span> <span class='ocrx_word' id='word_1_157' title='bbox 1062 1943 1217 2010; x_wconf 67' lang='lat' dir='ltr'><strong>illis</strong></span> <span class='ocrx_word' id='word_1_158' title='bbox 1266 1941 1441 2017; x_wconf 69' lang='lat' dir='ltr'><strong>dista</strong></span> <span class='ocrx_word' id='word_1_159' title='bbox 1493 1940 1645 2007; x_wconf 87' lang='lat' dir='ltr'><strong>sunt</strong></span> <span class='ocrx_word' id='word_1_160' title='bbox 1686 1991 1707 2024; x_wconf 88' lang='lat'>‚</span> <span class='ocrx_word' id='word_1_161' title='bbox 1776 1937 2111 2027; x_wconf 74' lang='lat' dir='ltr'><strong>poffiimus</strong></span> <span class='ocrx_word' id='word_1_162' title='bbox 2147 1944 2184 2005; x_wconf 67' lang='grc' dir='ltr'><em>ἓ</em></span> <span class='ocrx_word' id='word_1_163' title='bbox 2241 1941 2364 2009; x_wconf 83' lang='lat' dir='ltr'><strong>sed</strong></span> <span class='ocrx_word' id='word_1_164' title='bbox 2414 1943 2573 2032; x_wconf 86' lang='lat' dir='ltr'><strong>quid</strong></span> <span class='ocrx_word' id='word_1_165' title='bbox 2626 1965 2902 2036; x_wconf 80' lang='lat' dir='ltr'><strong>quaero‚</strong></span> <span class='ocrx_word' id='word_1_166' title='bbox 2956 1943 3202 2014; x_wconf 82' lang='lat' dir='ltr'><strong>velisne</strong></span> <span class='ocrx_word' id='word_1_167' title='bbox 3253 1970 3278 2013; x_wconf 67' lang='grc' dir='ltr'><em>ε</em></span> 
     </span>
     <span class='ocr_line' id='line_1_15' title="bbox 286 2039 3272 2137; baseline -0.002 -19"><span class='ocrx_word' id='word_1_168' title='bbox 286 2068 443 2118; x_wconf 86' lang='lat' dir='ltr'><strong>cum</strong></span> <span class='ocrx_word' id='word_1_169' title='bbox 494 2044 701 2116; x_wconf 79' lang='lat' dir='ltr'><strong>literis</strong></span> <span class='ocrx_word' id='word_1_170' title='bbox 748 2043 879 2116; x_wconf 83' lang='lat' dir='ltr'><strong>tuis</strong></span> <span class='ocrx_word' id='word_1_171' title='bbox 930 2042 1347 2111; x_wconf 82' lang='lat' dir='ltr'><strong>eruditiffime</strong></span> <span class='ocrx_word' id='word_1_172' title='bbox 1399 2040 1699 2129; x_wconf 74' lang='lat' dir='ltr'><strong>scriptis,</strong></span> <span class='ocrx_word' id='word_1_173' title='bbox 1746 2055 1812 2106; x_wconf 90' lang='lat' dir='ltr'><strong>te</strong></span> <span class='ocrx_word' id='word_1_174' title='bbox 1860 2039 1928 2106; x_wconf 87' lang='lat' dir='ltr'><strong>id</strong></span> <span class='ocrx_word' id='word_1_175' title='bbox 1990 2043 2099 2110; x_wconf 85' lang='lat' dir='ltr'><strong>vel</strong></span> <span class='ocrx_word' id='word_1_176' title='bbox 2154 2043 2466 2112; x_wconf 81' lang='lat' dir='ltr'><strong>maxime</strong></span> <span class='ocrx_word' id='word_1_177' title='bbox 2523 2045 2698 2115; x_wconf 82' lang='lat' dir='ltr'><strong>velle</strong></span> <span class='ocrx_word' id='word_1_178' title='bbox 2752 2045 3204 2137; x_wconf 80' lang='lat' dir='ltr'><strong>perspexerim</strong></span> <span class='ocrx_word' id='word_1_179' title='bbox 3239 2047 3272 2113; x_wconf 63' lang='grc' dir='ltr'><strong>ἔ</strong></span> 
     </span>
     <span class='ocr_line' id='line_1_16' title="bbox 290 2139 3280 2235; baseline 0.001 -21"><span class='ocrx_word' id='word_1_180' title='bbox 290 2151 589 2218; x_wconf 82' lang='lat' dir='ltr'><strong>Primum</strong></span> <span class='ocrx_word' id='word_1_181' title='bbox 652 2166 815 2235; x_wconf 86' lang='lat' dir='ltr'><strong>ergo</strong></span> <span class='ocrx_word' id='word_1_182' title='bbox 864 2145 1055 2234; x_wconf 85' lang='lat' dir='ltr'><strong>origo</strong></span> <span class='ocrx_word' id='word_1_183' title='bbox 1092 2195 1119 2231; x_wconf 87' lang='lat'>‚</span> <span class='ocrx_word' id='word_1_184' title='bbox 1182 2143 1422 2218; x_wconf 74' lang='lat' dir='ltr'><strong>deinde</strong></span> <span class='ocrx_word' id='word_1_185' title='bbox 1475 2139 1675 2211; x_wconf 85' lang='lat' dir='ltr'><strong>causa</strong></span> <span class='ocrx_word' id='word_1_186' title='bbox 1716 2191 1737 2224; x_wconf 90' lang='lat'>,</span> <span class='ocrx_word' id='word_1_187' title='bbox 1808 2139 1943 2228; x_wconf 79' lang='lat' dir='ltr'><strong>post</strong></span> <span class='ocrx_word' id='word_1_188' title='bbox 1996 2159 2242 2211; x_wconf 85' lang='lat' dir='ltr'><strong>natura</strong></span> <span class='ocrx_word' id='word_1_189' title='bbox 2282 2196 2307 2231; x_wconf 87' lang='lat'><strong>,</strong></span> <span class='ocrx_word' id='word_1_190' title='bbox 2355 2147 2502 2212; x_wconf 84' lang='lat' dir='ltr'><strong>tum</strong></span> <span class='ocrx_word' id='word_1_191' title='bbox 2555 2146 2637 2212; x_wconf 88' lang='lat' dir='ltr'><strong>ad</strong></span> <span class='ocrx_word' id='word_1_192' title='bbox 2687 2163 3070 2220; x_wconf 79' lang='lat' dir='ltr'><strong>extremum</strong></span> <span class='ocrx_word' id='word_1_193' title='bbox 3117 2145 3280 2216; x_wconf 80' lang='lat' dir='ltr'><strong>usus</strong></span> 
     </span>
     <span class='ocr_line' id='line_1_17' title="bbox 288 2242 3281 2338; baseline -0.001 -20"><span class='ocrx_word' id='word_1_194' title='bbox 288 2247 419 2338; x_wconf 68' lang='lat' dir='ltr'><strong>ipse</strong></span> <span class='ocrx_word' id='word_1_195' title='bbox 456 2248 841 2336; x_wconf 75' lang='lat' dir='ltr'><strong>explicetur</strong></span> <span class='ocrx_word' id='word_1_196' title='bbox 890 2246 1205 2314; x_wconf 79' lang='lat' dir='ltr'><strong>orationis</strong></span> <span class='ocrx_word' id='word_1_197' title='bbox 1277 2261 1439 2334; x_wconf 82' lang='lat' dir='ltr'><strong>aptae</strong></span> <span class='ocrx_word' id='word_1_198' title='bbox 1477 2294 1500 2329; x_wconf 86' lang='lat'>‚</span> <span class='ocrx_word' id='word_1_199' title='bbox 1567 2258 1764 2334; x_wconf 86' lang='lat' dir='ltr'><strong>atque</strong></span> <span class='ocrx_word' id='word_1_200' title='bbox 1817 2242 2184 2313; x_wconf 71' lang='lat' dir='ltr'><strong>numerosa:</strong></span> <span class='ocrx_word' id='word_1_201' title='bbox 2221 2291 2240 2311; x_wconf 92' lang='lat'><strong>.</strong></span> <span class='ocrx_word' id='word_1_202' title='bbox 2317 2249 2500 2312; x_wconf 88' lang='lat' dir='ltr'><strong>Nam</strong></span> <span class='ocrx_word' id='word_1_203' title='bbox 2555 2248 2670 2338; x_wconf 85' lang='lat' dir='ltr'><strong>qui</strong></span> <span class='ocrx_word' id='word_1_204' title='bbox 2723 2247 3088 2317; x_wconf 87' lang='lat' dir='ltr'><strong>Isocratem</strong></span> <span class='ocrx_word' id='word_1_205' title='bbox 3137 2269 3281 2318; x_wconf 85' lang='lat' dir='ltr'><strong>ma·</strong></span> 
     </span>
     <span class='ocr_line' id='line_1_18' title="bbox 292 2341 3282 2439; baseline -0.001 -19"><span class='ocrx_word' id='word_1_206' title='bbox 292 2355 473 2420; x_wconf 85' lang='lat' dir='ltr'><strong>xime</strong></span> <span class='ocrx_word' id='word_1_207' title='bbox 526 2349 853 2418; x_wconf 87' lang='lat' dir='ltr'><strong>mirantur</strong></span> <span class='ocrx_word' id='word_1_208' title='bbox 892 2397 918 2434; x_wconf 90' lang='lat'>‚</span> <span class='ocrx_word' id='word_1_209' title='bbox 982 2348 1117 2416; x_wconf 86' lang='lat' dir='ltr'><strong>hoc</strong></span> <span class='ocrx_word' id='word_1_210' title='bbox 1166 2347 1235 2414; x_wconf 90' lang='lat' dir='ltr'><strong>in</strong></span> <span class='ocrx_word' id='word_1_211' title='bbox 1284 2348 1433 2426; x_wconf 77' lang='lat' dir='ltr'><strong>ejus</strong></span> <span class='ocrx_word' id='word_1_212' title='bbox 1488 2343 1767 2412; x_wconf 84' lang='lat' dir='ltr'><strong>summis</strong></span> <span class='ocrx_word' id='word_1_213' title='bbox 1830 2341 2146 2412; x_wconf 76' lang='lat' dir='ltr'><strong>laudibus</strong></span> <span class='ocrx_word' id='word_1_214' title='bbox 2199 2345 2427 2417; x_wconf 81' lang='lat' dir='ltr'><strong>ferunt</strong></span> <span class='ocrx_word' id='word_1_215' title='bbox 2465 2401 2488 2436; x_wconf 90' lang='lat'>‚</span> <span class='ocrx_word' id='word_1_216' title='bbox 2543 2352 2720 2439; x_wconf 84' lang='lat' dir='ltr'><strong>quod</strong></span> <span class='ocrx_word' id='word_1_217' title='bbox 2779 2348 2998 2432; x_wconf 83' lang='lat' dir='ltr'><strong>verbis</strong></span> <span class='ocrx_word' id='word_1_218' title='bbox 3047 2349 3282 2419; x_wconf 83' lang='lat' dir='ltr'><strong>solutis</strong></span> 
     </span>
     <span class='ocr_line' id='line_1_19' title="bbox 289 2445 3284 2540; baseline -0.001 -20"><span class='ocrx_word' id='word_1_219' title='bbox 289 2470 605 2525; x_wconf 85' lang='lat' dir='ltr'><strong>numeros</strong></span> <span class='ocrx_word' id='word_1_220' title='bbox 656 2453 915 2540; x_wconf 83' lang='lat' dir='ltr'><strong>primus</strong></span> <span class='ocrx_word' id='word_1_221' title='bbox 961 2447 1381 2528; x_wconf 76' lang='lat' dir='ltr'><strong>adiunxerit.</strong></span> <span class='ocrx_word' id='word_1_222' title='bbox 1434 2453 1613 2516; x_wconf 86' lang='lat' dir='ltr'><strong>Cum</strong></span> <span class='ocrx_word' id='word_1_223' title='bbox 1658 2445 1851 2512; x_wconf 84' lang='lat' dir='ltr'><strong>enim</strong></span> <span class='ocrx_word' id='word_1_224' title='bbox 1900 2445 2191 2533; x_wconf 80' lang='lat' dir='ltr'><strong>videret,</strong></span> <span class='ocrx_word' id='word_1_225' title='bbox 2239 2465 2532 2518; x_wconf 85' lang='lat' dir='ltr'><strong>oratores</strong></span> <span class='ocrx_word' id='word_1_226' title='bbox 2583 2471 2742 2521; x_wconf 86' lang='lat' dir='ltr'><strong>cum</strong></span> <span class='ocrx_word' id='word_1_227' title='bbox 2783 2449 3130 2519; x_wconf 81' lang='lat' dir='ltr'><strong>severitate</strong></span> <span class='ocrx_word' id='word_1_228' title='bbox 3167 2471 3284 2520; x_wconf 78' lang='lat' dir='ltr'><strong>au.</strong></span> 
     </span>
     <span class='ocr_line' id='line_1_20' title="bbox 285 2546 3282 2641; baseline -0.002 -19"><span class='ocrx_word' id='word_1_229' title='bbox 285 2555 418 2622; x_wconf 81' lang='lat' dir='ltr'><strong>diri</strong></span> <span class='ocrx_word' id='word_1_230' title='bbox 456 2603 479 2639; x_wconf 91' lang='lat'>‚</span> <span class='ocrx_word' id='word_1_231' title='bbox 544 2568 769 2640; x_wconf 82' lang='lat' dir='ltr'><strong>poetas</strong></span> <span class='ocrx_word' id='word_1_232' title='bbox 836 2566 1060 2619; x_wconf 86' lang='lat' dir='ltr'><strong>autern</strong></span> <span class='ocrx_word' id='word_1_233' title='bbox 1108 2571 1271 2618; x_wconf 90' lang='lat' dir='ltr'><strong>cum</strong></span> <span class='ocrx_word' id='word_1_234' title='bbox 1327 2547 1663 2636; x_wconf 81' lang='lat' dir='ltr'><strong>voluptate</strong></span> <span class='ocrx_word' id='word_1_235' title='bbox 1698 2567 1725 2607; x_wconf 89' lang='lat'><strong>.·</strong></span> <span class='ocrx_word' id='word_1_236' title='bbox 1799 2560 1945 2612; x_wconf 86' lang='lat' dir='ltr'><strong>tum</strong></span> <span class='ocrx_word' id='word_1_237' title='bbox 1998 2546 2250 2615; x_wconf 78' lang='lat' dir='ltr'><strong>dicitur</strong></span> <span class='ocrx_word' id='word_1_238' title='bbox 2304 2570 2616 2620; x_wconf 87' lang='lat' dir='ltr'><strong>numeros</strong></span> <span class='ocrx_word' id='word_1_239' title='bbox 2683 2551 2985 2638; x_wconf 63' lang='lat' dir='ltr'><strong>scenam,</strong></span> <span class='ocrx_word' id='word_1_240' title='bbox 3040 2551 3282 2641; x_wconf 80' lang='lat' dir='ltr'><strong>quibus</strong></span> 
     </span>
     <span class='ocr_line' id='line_1_21' title="bbox 285 2634 3292 2738; baseline -0.001 -14"><span class='ocrx_word' id='word_1_241' title='bbox 285 2657 493 2724; x_wconf 79' lang='lat' dir='ltr'><strong>etiam</strong></span> <span class='ocrx_word' id='word_1_242' title='bbox 536 2653 613 2720; x_wconf 80' lang='lat' dir='ltr'><strong>in</strong></span> <span class='ocrx_word' id='word_1_243' title='bbox 662 2654 971 2722; x_wconf 86' lang='lat' dir='ltr'><strong>oratione</strong></span> <span class='ocrx_word' id='word_1_244' title='bbox 1020 2667 1360 2722; x_wconf 86' lang='lat' dir='ltr'><strong>uteremur</strong></span> <span class='ocrx_word' id='word_1_245' title='bbox 1399 2699 1425 2736; x_wconf 87' lang='lat'>‚</span> <span class='ocrx_word' id='word_1_246' title='bbox 1497 2667 1658 2718; x_wconf 88' lang='lat' dir='ltr'><strong>cum</strong></span> <span class='ocrx_word' id='word_1_247' title='bbox 1713 2634 2140 2725; x_wconf 79' lang='lat' dir='ltr'><strong>jucunditatis</strong></span> <span class='ocrx_word' id='word_1_248' title='bbox 2191 2648 2390 2720; x_wconf 87' lang='lat' dir='ltr'><strong>causa</strong></span> <span class='ocrx_word' id='word_1_249' title='bbox 2427 2703 2452 2738; x_wconf 85' lang='lat'>,</span> <span class='ocrx_word' id='word_1_250' title='bbox 2502 2667 2651 2720; x_wconf 86' lang='lat' dir='ltr'><strong>tum</strong></span> <span class='ocrx_word' id='word_1_251' title='bbox 2701 2669 2780 2718; x_wconf 79' lang='lat' dir='ltr'><strong>ut</strong></span> <span class='ocrx_word' id='word_1_252' title='bbox 2837 2654 3132 2720; x_wconf 81' lang='lat' dir='ltr'><strong>varietas</strong></span> <span class='ocrx_word' id='word_1_253' title='bbox 3179 2673 3292 2721; x_wconf 87' lang='lat' dir='ltr'><strong>oc-</strong></span> 
     </span>
     <span class='ocr_line' id='line_1_22' title="bbox 287 2753 1559 2831; baseline 0.002 -8"><span class='ocrx_word' id='word_1_254' title='bbox 287 2771 577 2828; x_wconf 82' lang='lat' dir='ltr'><strong>curreret</strong></span> <span class='ocrx_word' id='word_1_255' title='bbox 630 2753 946 2826; x_wconf 71' lang='lat' dir='ltr'><strong>satietati,</strong></span> <span class='ocrx_word' id='word_1_256' title='bbox 1550 2809 1559 2831; x_wconf 76' lang='grc'><strong>,</strong></span> 
     </span>
    </p>

    <p class='ocr_par' dir='ltr' id='par_1_4' title="bbox 290 2852 3297 3651">
     <span class='ocr_line' id='line_1_23' title="bbox 394 2852 3297 2944; baseline -0 -20"><span class='ocrx_word' id='word_1_257' title='bbox 394 2857 597 2940; x_wconf 76' lang='lat' dir='ltr'><strong>Quod</strong></span> <span class='ocrx_word' id='word_1_258' title='bbox 669 2853 753 2922; x_wconf 85' lang='lat' dir='ltr'><strong>ab</strong></span> <span class='ocrx_word' id='word_1_259' title='bbox 798 2853 907 2924; x_wconf 69' lang='lat' dir='ltr'><strong>his</strong></span> <span class='ocrx_word' id='word_1_260' title='bbox 968 2874 1127 2924; x_wconf 66' lang='lat' dir='ltr'><strong>vere</strong></span> <span class='ocrx_word' id='word_1_261' title='bbox 1176 2852 1465 2944; x_wconf 85' lang='lat' dir='ltr'><strong>quadam</strong></span> <span class='ocrx_word' id='word_1_262' title='bbox 1513 2873 1597 2922; x_wconf 82' lang='lat' dir='ltr'><strong>ex</strong></span> <span class='ocrx_word' id='word_1_263' title='bbox 1656 2867 1839 2942; x_wconf 77' lang='lat' dir='ltr'><strong>parte</strong></span> <span class='ocrx_word' id='word_1_264' title='bbox 1877 2903 1900 2938; x_wconf 90' lang='lat'><strong>,</strong></span> <span class='ocrx_word' id='word_1_265' title='bbox 1964 2875 2103 2920; x_wconf 80' lang='lat' dir='ltr'><strong>non</strong></span> <span class='ocrx_word' id='word_1_266' title='bbox 2156 2867 2384 2920; x_wconf 81' lang='lat' dir='ltr'><strong>totum</strong></span> <span class='ocrx_word' id='word_1_267' title='bbox 2424 2905 2446 2942; x_wconf 81' lang='lat'><strong>,</strong></span> <span class='ocrx_word' id='word_1_268' title='bbox 2515 2857 2799 2928; x_wconf 80' lang='lat' dir='ltr'><strong>dicitur.</strong></span> <span class='ocrx_word' id='word_1_269' title='bbox 2851 2859 3044 2924; x_wconf 83' lang='lat' dir='ltr'><strong>Nam</strong></span> <span class='ocrx_word' id='word_1_270' title='bbox 3085 2857 3297 2924; x_wconf 85' lang='lat' dir='ltr'><strong>nemi·</strong></span> 
     </span>
     <span class='ocr_line' id='line_1_24' title="bbox 290 2951 3297 3046; baseline -0.002 -16"><span class='ocrx_word' id='word_1_271' title='bbox 290 2979 443 3032; x_wconf 82' lang='lat' dir='ltr'><strong>nem</strong></span> <span class='ocrx_word' id='word_1_272' title='bbox 498 2961 571 3028; x_wconf 85' lang='lat' dir='ltr'><strong>in</strong></span> <span class='ocrx_word' id='word_1_273' title='bbox 616 2975 699 3024; x_wconf 88' lang='lat' dir='ltr'><strong>eo</strong></span> <span class='ocrx_word' id='word_1_274' title='bbox 744 2975 995 3046; x_wconf 75' lang='lat' dir='ltr'><strong>genere</strong></span> <span class='ocrx_word' id='word_1_275' title='bbox 1080 2954 1387 3023; x_wconf 81' lang='lat' dir='ltr'><strong>scientius</strong></span> <span class='ocrx_word' id='word_1_276' title='bbox 1456 2953 1795 3024; x_wconf 81' lang='lat' dir='ltr'><strong>versatum</strong></span> <span class='ocrx_word' id='word_1_277' title='bbox 1866 2951 2212 3038; x_wconf 86' lang='lat' dir='ltr'><strong>Isocrate,</strong></span> <span class='ocrx_word' id='word_1_278' title='bbox 2259 2955 2721 3024; x_wconf 85' lang='lat' dir='ltr'><strong>confitendum</strong></span> <span class='ocrx_word' id='word_1_279' title='bbox 2769 2955 2901 3024; x_wconf 83' lang='lat' dir='ltr'><strong>est:</strong></span> <span class='ocrx_word' id='word_1_280' title='bbox 2953 2955 3067 3024; x_wconf 84' lang='lat' dir='ltr'><strong>sed</strong></span> <span class='ocrx_word' id='word_1_281' title='bbox 3117 2961 3297 3046; x_wconf 86' lang='lat' dir='ltr'><strong>prin-</strong></span> 
     </span>
     <span class='ocr_line' id='line_1_25' title="bbox 292 3054 3296 3150; baseline -0.001 -21"><span class='ocrx_word' id='word_1_282' title='bbox 292 3082 443 3150; x_wconf 83' lang='lat' dir='ltr'><strong>ceps</strong></span> <span class='ocrx_word' id='word_1_283' title='bbox 496 3056 879 3128; x_wconf 86' lang='lat' dir='ltr'><strong>inveniendi</strong></span> <span class='ocrx_word' id='word_1_284' title='bbox 931 3055 1061 3126; x_wconf 85' lang='lat' dir='ltr'><strong>fuit</strong></span> <span class='ocrx_word' id='word_1_285' title='bbox 1112 3055 1709 3144; x_wconf 75' lang='lat' dir='ltr'><strong>Thrasymachus3</strong></span> <span class='ocrx_word' id='word_1_286' title='bbox 1762 3054 1954 3134; x_wconf 78' lang='lat' dir='ltr'><strong>cujus</strong></span> <span class='ocrx_word' id='word_1_287' title='bbox 2003 3057 2234 3124; x_wconf 75' lang='lat' dir='ltr'><strong>omnia</strong></span> <span class='ocrx_word' id='word_1_288' title='bbox 2289 3059 2492 3124; x_wconf 87' lang='lat' dir='ltr'><strong>nimis</strong></span> <span class='ocrx_word' id='word_1_289' title='bbox 2545 3061 2749 3126; x_wconf 88' lang='lat' dir='ltr'><strong>etiam</strong></span> <span class='ocrx_word' id='word_1_290' title='bbox 2819 3056 3082 3125; x_wconf 84' lang='lat' dir='ltr'><strong>exstant</strong></span> <span class='ocrx_word' id='word_1_291' title='bbox 3135 3057 3296 3127; x_wconf 87' lang='lat' dir='ltr'><strong>scri-</strong></span> 
     </span>
     <span class='ocr_line' id='line_1_26' title="bbox 292 3155 3296 3254; baseline -0 -25"><span class='ocrx_word' id='word_1_292' title='bbox 292 3182 407 3254; x_wconf 88' lang='lat' dir='ltr'><strong>pta</strong></span> <span class='ocrx_word' id='word_1_293' title='bbox 458 3157 849 3231; x_wconf 75' lang='lat' dir='ltr'><strong>numerose..</strong></span> <span class='ocrx_word' id='word_1_294' title='bbox 898 3162 1089 3227; x_wconf 80' lang='lat' dir='ltr'><strong>Nam</strong></span> <span class='ocrx_word' id='word_1_295' title='bbox 1144 3169 1173 3245; x_wconf 88' lang='lat'>(</span> <span class='ocrx_word' id='word_1_296' title='bbox 1218 3174 1293 3225; x_wconf 88' lang='lat' dir='ltr'><strong>ut</strong></span> <span class='ocrx_word' id='word_1_297' title='bbox 1348 3157 1551 3245; x_wconf 85' lang='lat' dir='ltr'><strong>paulo</strong></span> <span class='ocrx_word' id='word_1_298' title='bbox 1602 3173 1753 3223; x_wconf 88' lang='lat' dir='ltr'><strong>ante</strong></span> <span class='ocrx_word' id='word_1_299' title='bbox 1800 3155 1940 3223; x_wconf 84' lang='lat' dir='ltr'><strong>dixi</strong></span> <span class='ocrx_word' id='word_1_300' title='bbox 1991 3168 2016 3244; x_wconf 91' lang='lat'><em>)</em></span> <span class='ocrx_word' id='word_1_301' title='bbox 2086 3157 2273 3243; x_wconf 85' lang='lat' dir='ltr'><strong>-paria</strong></span> <span class='ocrx_word' id='word_1_302' title='bbox 2345 3157 2613 3246; x_wconf 84' lang='lat' dir='ltr'><strong>paribus</strong></span> <span class='ocrx_word' id='word_1_303' title='bbox 2671 3159 3026 3247; x_wconf 66' lang='lat' dir='ltr'><strong>adjunaa,</strong></span> <span class='ocrx_word' id='word_1_304' title='bbox 3083 3159 3154 3230; x_wconf 74' lang='grc' dir='ltr'><strong>’δε</strong></span> <span class='ocrx_word' id='word_1_305' title='bbox 3219 3160 3296 3228; x_wconf 80' lang='lat' dir='ltr'><strong>fi-</strong></span> 
     </span>
     <span class='ocr_line' id='line_1_27' title="bbox 294 3254 3296 3346; baseline -0 -17"><span class='ocrx_word' id='word_1_306' title='bbox 294 3260 538 3329; x_wconf 84' lang='lat' dir='ltr'><strong>militet</strong></span> <span class='ocrx_word' id='word_1_307' title='bbox 593 3256 917 3341; x_wconf 72' lang='lat' dir='ltr'><strong>definita,</strong></span> <span class='ocrx_word' id='word_1_308' title='bbox 964 3256 1255 3344; x_wconf 80' lang='lat' dir='ltr'><strong>itemque</strong></span> <span class='ocrx_word' id='word_1_309' title='bbox 1300 3256 1652 3323; x_wconf 78' lang='lat' dir='ltr'><strong>contrariis</strong></span> <span class='ocrx_word' id='word_1_310' title='bbox 1704 3254 1911 3319; x_wconf 85' lang='lat' dir='ltr'><strong>relata</strong></span> <span class='ocrx_word' id='word_1_311' title='bbox 1960 3257 2334 3339; x_wconf 70' lang='lat' dir='ltr'><strong>contraria,</strong></span> <span class='ocrx_word' id='word_1_312' title='bbox 2385 3278 2532 3345; x_wconf 83' lang='lat' dir='ltr'><strong>quae</strong></span> <span class='ocrx_word' id='word_1_313' title='bbox 2585 3258 2698 3325; x_wconf 90' lang='lat' dir='ltr'><strong>sua</strong></span> <span class='ocrx_word' id='word_1_314' title='bbox 2753 3261 2977 3346; x_wconf 84' lang='lat' dir='ltr'><strong>sponte</strong></span> <span class='ocrx_word' id='word_1_315' title='bbox 3031 3262 3296 3343; x_wconf 87' lang='lat' dir='ltr'><strong>(etiam</strong></span> 
     </span>
     <span class='ocr_line' id='line_1_28' title="bbox 294 3350 3292 3447; baseline -0.001 -16"><span class='ocrx_word' id='word_1_316' title='bbox 294 3363 343 3430; x_wconf 85' lang='lat' dir='ltr'><strong>fi</strong></span> <span class='ocrx_word' id='word_1_317' title='bbox 397 3362 465 3431; x_wconf 88' lang='lat' dir='ltr'><strong>id</strong></span> <span class='ocrx_word' id='word_1_318' title='bbox 518 3378 655 3427; x_wconf 86' lang='lat' dir='ltr'><strong>non</strong></span> <span class='ocrx_word' id='word_1_319' title='bbox 705 3366 915 3447; x_wconf 79' lang='lat' dir='ltr'><strong>agas)</strong></span> <span class='ocrx_word' id='word_1_320' title='bbox 968 3356 1220 3424; x_wconf 85' lang='lat' dir='ltr'><strong>cadunt</strong></span> <span class='ocrx_word' id='word_1_321' title='bbox 1271 3354 1675 3445; x_wconf 77' lang='lat' dir='ltr'><strong>plerumque.</strong></span> <span class='ocrx_word' id='word_1_322' title='bbox 1716 3350 2110 3438; x_wconf 85' lang='lat' dir='ltr'><strong>numerose,</strong></span> <span class='ocrx_word' id='word_1_323' title='bbox 2162 3355 2454 3441; x_wconf 75' lang='lat' dir='ltr'><strong>Gorgias</strong></span> <span class='ocrx_word' id='word_1_324' title='bbox 2505 3356 2761 3445; x_wconf 83' lang='lat' dir='ltr'><strong>primns</strong></span> <span class='ocrx_word' id='word_1_325' title='bbox 2811 3356 3126 3425; x_wconf 79' lang='lat' dir='ltr'><strong>invenit:</strong></span> <span class='ocrx_word' id='word_1_326' title='bbox 3183 3359 3292 3429; x_wconf 85' lang='lat' dir='ltr'><strong>sed</strong></span> 
     </span>
     <span class='ocr_line' id='line_1_29' title="bbox 292 3450 3292 3549; baseline -0.002 -16"><span class='ocrx_word' id='word_1_327' title='bbox 292 3465 397 3533; x_wconf 88' lang='lat' dir='ltr'><strong>his</strong></span> <span class='ocrx_word' id='word_1_328' title='bbox 446 3458 543 3531; x_wconf 78' lang='lat' dir='ltr'><strong>est</strong></span> <span class='ocrx_word' id='word_1_329' title='bbox 588 3457 749 3529; x_wconf 84' lang='lat' dir='ltr'><strong>usus</strong></span> <span class='ocrx_word' id='word_1_330' title='bbox 794 3457 1385 3548; x_wconf 76' lang='lat' dir='ltr'><strong>intemperantius.</strong></span> <span class='ocrx_word' id='word_1_331' title='bbox 1428 3454 1519 3521; x_wconf 76' lang='lat' dir='ltr'><strong>Jd</strong></span> <span class='ocrx_word' id='word_1_332' title='bbox 1572 3470 1798 3523; x_wconf 81' lang='lat' dir='ltr'><strong>autem</strong></span> <span class='ocrx_word' id='word_1_333' title='bbox 1840 3450 1932 3521; x_wconf 86' lang='lat' dir='ltr'><strong>est</strong></span> <span class='ocrx_word' id='word_1_334' title='bbox 1970 3472 2184 3541; x_wconf 84' lang='lat' dir='ltr'><strong>genus</strong></span> <span class='ocrx_word' id='word_1_335' title='bbox 2237 3464 2438 3544; x_wconf 83' lang='lat'>(74)</span> <span class='ocrx_word' id='word_1_336' title='bbox 2495 3464 2622 3545; x_wconf 84' lang='lat' dir='ltr'><strong>(ut</strong></span> <span class='ocrx_word' id='word_1_337' title='bbox 2673 3472 2826 3525; x_wconf 84' lang='lat' dir='ltr'><strong>ante</strong></span> <span class='ocrx_word' id='word_1_338' title='bbox 2861 3454 3242 3549; x_wconf 35' lang='lat' dir='ltr'><strong>distumflest</strong></span> <span class='ocrx_word' id='word_1_339' title='bbox 3265 3476 3292 3549; x_wconf 83' lang='lat'><strong>)</strong></span> 
     </span>
     <span class='ocr_line' id='line_1_30' title="bbox 296 3554 2954 3651; baseline -0.009 -14"><span class='ocrx_word' id='word_1_340' title='bbox 296 3589 381 3637; x_wconf 83' lang='lat' dir='ltr'><strong>ex</strong></span> <span class='ocrx_word' id='word_1_341' title='bbox 435 3560 642 3643; x_wconf 80' lang='lat' dir='ltr'><strong>tribus</strong></span> <span class='ocrx_word' id='word_1_342' title='bbox 692 3554 998 3651; x_wconf 86' lang='lat' dir='ltr'><strong>partibus</strong></span> <span class='ocrx_word' id='word_1_343' title='bbox 1040 3557 1499 3629; x_wconf 75' lang='lat' dir='ltr'><strong>collocationis</strong></span> <span class='ocrx_word' id='word_1_344' title='bbox 1549 3556 1879 3623; x_wconf 80' lang='lat' dir='ltr'><strong>alterum.</strong></span> <span class='ocrx_word' id='word_1_345' title='bbox 2945 3568 2954 3577; x_wconf 93' lang='lat'><strong>·</strong></span> 
     </span>
    </p>

    <p class='ocr_par' dir='ltr' id='par_1_5' title="bbox 292 3656 3299 4367">
     <span class='ocr_line' id='line_1_31' title="bbox 394 3656 3292 3751; baseline -0.003 -14"><span class='ocrx_word' id='word_1_346' title='bbox 394 3670 673 3737; x_wconf 82' lang='lat' dir='ltr'><strong>Horum</strong></span> <span class='ocrx_word' id='word_1_347' title='bbox 722 3679 997 3751; x_wconf 85' lang='lat' dir='ltr'><strong>uterque</strong></span> <span class='ocrx_word' id='word_1_348' title='bbox 1047 3660 1411 3729; x_wconf 78' lang='lat' dir='ltr'><strong>Isocratem</strong></span> <span class='ocrx_word' id='word_1_349' title='bbox 1460 3672 1651 3726; x_wconf 81' lang='lat' dir='ltr'><strong>aetate</strong></span> <span class='ocrx_word' id='word_1_350' title='bbox 1700 3656 2082 3747; x_wconf 83' lang='lat' dir='ltr'><strong>praeeurrit:</strong></span> <span class='ocrx_word' id='word_1_351' title='bbox 2134 3674 2216 3725; x_wconf 80' lang='lat' dir='ltr'><strong>ut</strong></span> <span class='ocrx_word' id='word_1_352' title='bbox 2267 3676 2380 3725; x_wconf 88' lang='lat' dir='ltr'><strong>eos</strong></span> <span class='ocrx_word' id='word_1_353' title='bbox 2431 3656 2549 3726; x_wconf 88' lang='lat' dir='ltr'><strong>ille</strong></span> <span class='ocrx_word' id='word_1_354' title='bbox 2597 3657 3056 3729; x_wconf 82' lang='lat' dir='ltr'><strong>moderatione</strong></span> <span class='ocrx_word' id='word_1_355' title='bbox 3086 3712 3109 3747; x_wconf 90' lang='lat'><strong>,</strong></span> <span class='ocrx_word' id='word_1_356' title='bbox 3157 3680 3292 3729; x_wconf 84' lang='lat' dir='ltr'><strong>non</strong></span> 
     </span>
     <span class='ocr_line' id='line_1_32' title="bbox 296 3754 3296 3851; baseline -0.003 -11"><span class='ocrx_word' id='word_1_357' title='bbox 296 3768 685 3840; x_wconf 70' lang='lat' dir='ltr'><strong>inventione</strong></span> <span class='ocrx_word' id='word_1_358' title='bbox 733 3764 1001 3833; x_wconf 79' lang='lat' dir='ltr'><strong>vicerit.</strong></span> <span class='ocrx_word' id='word_1_359' title='bbox 1054 3760 1167 3829; x_wconf 74' lang='lat' dir='ltr'><strong>Est</strong></span> <span class='ocrx_word' id='word_1_360' title='bbox 1220 3760 1405 3830; x_wconf 87' lang='lat' dir='ltr'><strong>enim</strong></span> <span class='ocrx_word' id='word_1_361' title='bbox 1449 3812 1472 3847; x_wconf 90' lang='lat'><strong>,</strong></span> <span class='ocrx_word' id='word_1_362' title='bbox 1520 3775 1597 3827; x_wconf 93' lang='lat' dir='ltr'><strong>ut</strong></span> <span class='ocrx_word' id='word_1_363' title='bbox 1648 3760 1719 3826; x_wconf 87' lang='lat' dir='ltr'><strong>in</strong></span> <span class='ocrx_word' id='word_1_364' title='bbox 1762 3754 2316 3845; x_wconf 53' lang='lat' dir='ltr'><strong>transferendus</strong></span> <span class='ocrx_word' id='word_1_365' title='bbox 2347 3756 2794 3851; x_wconf 78' lang='lat' dir='ltr'><strong>faciendisque</strong></span> <span class='ocrx_word' id='word_1_366' title='bbox 2849 3760 3062 3829; x_wconf 75' lang='lat' dir='ltr'><strong>verbis</strong></span> <span class='ocrx_word' id='word_1_367' title='bbox 3116 3777 3296 3831; x_wconf 89' lang='lat' dir='ltr'><strong>tran-</strong></span> 
     </span>
     <span class='ocr_line' id='line_1_33' title="bbox 294 3856 3292 3967; baseline -0.003 -27"><span class='ocrx_word' id='word_1_368' title='bbox 294 3868 569 3967; x_wconf 75' lang='lat' dir='ltr'><strong>quillior</strong></span> <span class='ocrx_word' id='word_1_369' title='bbox 616 3916 641 3955; x_wconf 85' lang='lat'><strong>,</strong></span> <span class='ocrx_word' id='word_1_370' title='bbox 708 3865 796 3937; x_wconf 80' lang='lat' dir='ltr'><strong>fic</strong></span> <span class='ocrx_word' id='word_1_371' title='bbox 842 3862 931 3935; x_wconf 83' lang='lat' dir='ltr'><strong>in·</strong></span> <span class='ocrx_word' id='word_1_372' title='bbox 972 3861 1123 3953; x_wconf 82' lang='lat' dir='ltr'><strong>ipfis</strong></span> <span class='ocrx_word' id='word_1_373' title='bbox 1194 3862 1488 3931; x_wconf 84' lang='lat' dir='ltr'><strong>numeris</strong></span> <span class='ocrx_word' id='word_1_374' title='bbox 1540 3856 1813 3929; x_wconf 87' lang='lat' dir='ltr'><strong>sedatior</strong></span> <span class='ocrx_word' id='word_1_375' title='bbox 1850 3913 1869 3934; x_wconf 87' lang='lat'><strong>.</strong></span> <span class='ocrx_word' id='word_1_376' title='bbox 1940 3863 2226 3951; x_wconf 86' lang='lat' dir='ltr'><strong>Gorgias</strong></span> <span class='ocrx_word' id='word_1_377' title='bbox 2282 3876 2510 3930; x_wconf 83' lang='lat' dir='ltr'><strong>autem</strong></span> <span class='ocrx_word' id='word_1_378' title='bbox 2561 3862 2822 3931; x_wconf 83' lang='lat' dir='ltr'><strong>avidior</strong></span> <span class='ocrx_word' id='word_1_379' title='bbox 2883 3860 2980 3930; x_wconf 81' lang='lat' dir='ltr'><strong>&#39;est</strong></span> <span class='ocrx_word' id='word_1_380' title='bbox 3031 3863 3292 3954; x_wconf 84' lang='lat' dir='ltr'><strong>generis</strong></span> 
     </span>
     <span class='ocr_line' id='line_1_34' title="bbox 292 3958 3298 4057; baseline -0.004 -14"><span class='ocrx_word' id='word_1_381' title='bbox 292 3973 488 4057; x_wconf 71' lang='lat' dir='ltr'><strong>eim,</strong></span> <span class='ocrx_word' id='word_1_382' title='bbox 542 3970 615 4041; x_wconf 76' lang='grc' dir='ltr'><strong>δι</strong></span> <span class='ocrx_word' id='word_1_383' title='bbox 668 3966 773 4037; x_wconf 74' lang='lat' dir='ltr'><strong>his</strong></span> <span class='ocrx_word' id='word_1_384' title='bbox 824 3960 1285 4035; x_wconf 79' lang='lat' dir='ltr'><strong>festivitatibus</strong></span> <span class='ocrx_word' id='word_1_385' title='bbox 1354 3962 1501 4053; x_wconf 87' lang='lat' dir='ltr'><strong>(fic</strong></span> <span class='ocrx_word' id='word_1_386' title='bbox 1538 3962 1733 4031; x_wconf 75' lang='lat' dir='ltr'><strong>enim</strong></span> <span class='ocrx_word' id='word_1_387' title='bbox 1785 3958 1921 4049; x_wconf 79' lang='lat' dir='ltr'><strong>ipse</strong></span> <span class='ocrx_word' id='word_1_388' title='bbox 1966 3962 2244 4049; x_wconf 85' lang='lat' dir='ltr'><strong>censet)</strong></span> <span class='ocrx_word' id='word_1_389' title='bbox 2319 3962 2704 4031; x_wconf 81' lang='lat' dir='ltr'><strong>inlolentius</strong></span> <span class='ocrx_word' id='word_1_390' title='bbox 2754 3960 3082 4032; x_wconf 85' lang='lat' dir='ltr'><strong>abutitur:</strong></span> <span class='ocrx_word' id='word_1_391' title='bbox 3133 3983 3298 4055; x_wconf 83' lang='lat' dir='ltr'><strong>quas</strong></span> 
     </span>
     <span class='ocr_line' id='line_1_35' title="bbox 297 4060 3299 4158; baseline -0.004 -17"><span class='ocrx_word' id='word_1_392' title='bbox 297 4072 621 4143; x_wconf 76' lang='lat' dir='ltr'><strong>Isocrates</strong></span> <span class='ocrx_word' id='word_1_393' title='bbox 693 4080 923 4158; x_wconf 87' lang='lat' dir='ltr'><strong>(cum</strong></span> <span class='ocrx_word' id='word_1_394' title='bbox 974 4080 1199 4137; x_wconf 85' lang='lat' dir='ltr'><strong>tamen</strong></span> <span class='ocrx_word' id='word_1_395' title='bbox 1266 4061 1615 4131; x_wconf 72' lang='lat' dir='ltr'><strong>audivisset</strong></span> <span class='ocrx_word' id='word_1_396' title='bbox 1686 4064 1763 4130; x_wconf 85' lang='lat' dir='ltr'><strong>in</strong></span> <span class='ocrx_word' id='word_1_397' title='bbox 1810 4060 2145 4131; x_wconf 82' lang='lat' dir='ltr'><strong>Thessalia</strong></span> <span class='ocrx_word' id='word_1_398' title='bbox 2197 4061 2568 4131; x_wconf 87' lang='lat' dir='ltr'><strong>adolescens</strong></span> <span class='ocrx_word' id='word_1_399' title='bbox 2637 4062 2863 4133; x_wconf 86' lang='lat' dir='ltr'><strong>senem</strong></span> <span class='ocrx_word' id='word_1_400' title='bbox 2933 4065 3066 4144; x_wconf 78' lang='lat' dir='ltr'><strong>iarn</strong></span> <span class='ocrx_word' id='word_1_401' title='bbox 3119 4070 3299 4132; x_wconf 81' lang='lat' dir='ltr'><strong>Gor·</strong></span> 
     </span>
     <span class='ocr_line' id='line_1_36' title="bbox 298 4162 3297 4265; baseline -0.004 -22"><span class='ocrx_word' id='word_1_402' title='bbox 298 4178 537 4265; x_wconf 83' lang='lat' dir='ltr'><strong>giam)</strong></span> <span class='ocrx_word' id='word_1_403' title='bbox 590 4166 1007 4245; x_wconf 80' lang='lat' dir='ltr'><strong>moderatius</strong></span> <span class='ocrx_word' id='word_1_404' title='bbox 1054 4163 1485 4253; x_wconf 82' lang='lat' dir='ltr'><strong>temperavit.</strong></span> <span class='ocrx_word' id='word_1_405' title='bbox 1536 4162 1725 4249; x_wconf 76' lang='lat' dir='ltr'><strong>Qin</strong></span> <span class='ocrx_word' id='word_1_406' title='bbox 1776 4162 1980 4232; x_wconf 86' lang='lat' dir='ltr'><strong>etiam</strong></span> <span class='ocrx_word' id='word_1_407' title='bbox 2035 4165 2103 4233; x_wconf 87' lang='lat' dir='ltr'><strong>se</strong></span> <span class='ocrx_word' id='word_1_408' title='bbox 2160 4162 2292 4251; x_wconf 84' lang='lat' dir='ltr'><strong>ipse</strong></span> <span class='ocrx_word' id='word_1_409' title='bbox 2343 4178 2612 4232; x_wconf 75' lang='lat' dir='ltr'><strong>tantum</strong></span> <span class='ocrx_word' id='word_1_410' title='bbox 2655 4218 2678 4253; x_wconf 87' lang='lat'>‚</span> <span class='ocrx_word' id='word_1_411' title='bbox 2723 4182 3059 4255; x_wconf 87' lang='lat' dir='ltr'><strong>quantum</strong></span> <span class='ocrx_word' id='word_1_412' title='bbox 3106 4178 3297 4235; x_wconf 81' lang='lat' dir='ltr'><strong>aetate</strong></span> 
     </span>
     <span class='ocr_line' id='line_1_37' title="bbox 296 4263 3299 4367; baseline -0.005 -20"><span class='ocrx_word' id='word_1_413' title='bbox 296 4271 1031 4367; x_wconf 71' lang='lat' dir='ltr'><strong>procedebat,·(prop‚e</strong></span> <span class='ocrx_word' id='word_1_414' title='bbox 1078 4268 1265 4338; x_wconf 79' lang='lat' dir='ltr'><strong>enim</strong></span> <span class='ocrx_word' id='word_1_415' title='bbox 1304 4278 1593 4337; x_wconf 78' lang='lat' dir='ltr'><strong>centum</strong></span> <span class='ocrx_word' id='word_1_416' title='bbox 1630 4264 1932 4335; x_wconf 75' lang='lat' dir='ltr'><strong>confiecit</strong></span> <span class='ocrx_word' id='word_1_417' title='bbox 1984 4278 2250 4351; x_wconf 86' lang='lat' dir='ltr'><strong>annos)</strong></span> <span class='ocrx_word' id='word_1_418' title='bbox 2307 4266 2638 4333; x_wconf 80' lang='lat' dir='ltr'><strong>relaxarat</strong></span> <span class='ocrx_word' id='word_1_419' title='bbox 2685 4288 2724 4335; x_wconf 92' lang='lat' dir='ltr'><strong>a</strong></span> <span class='ocrx_word' id='word_1_420' title='bbox 2795 4268 3005 4335; x_wconf 85' lang='lat' dir='ltr'><strong>nimia</strong></span> <span class='ocrx_word' id='word_1_421' title='bbox 3076 4263 3299 4336; x_wconf 86' lang='lat' dir='ltr'><strong>neces·</strong></span> 
     </span>
    </p>

    <p class='ocr_par' dir='ltr' id='par_1_6' title="bbox 500 4364 3196 4441">
     <span class='ocr_line' id='line_1_38' title="bbox 500 4364 3196 4441; baseline -0.001 -2"><span class='ocrx_word' id='word_1_422' title='bbox 500 4377 679 4441; x_wconf 71' lang='lat' dir='ltr'><strong>Tem.</strong></span> <span class='ocrx_word' id='word_1_423' title='bbox 730 4374 791 4441; x_wconf 84' lang='lat'><strong>1.</strong></span> <span class='ocrx_word' id='word_1_424' title='bbox 2214 4366 2265 4428; x_wconf 90' lang='lat' dir='ltr'>F</span> <span class='ocrx_word' id='word_1_425' title='bbox 2320 4364 2358 4431; x_wconf 89' lang='lat' dir='ltr'>f</span> <span class='ocrx_word' id='word_1_426' title='bbox 2399 4364 2440 4431; x_wconf 88' lang='lat' dir='ltr'><strong>f</strong></span> <span class='ocrx_word' id='word_1_427' title='bbox 3047 4368 3196 4437; x_wconf 82' lang='lat' dir='ltr'><strong>fita·</strong></span> 
     </span>
    </p>
   </div>
   <div class='ocr_carea' id='block_1_2' title="bbox 306 4584 3266 4667">
    <p class='ocr_par' dir='ltr' id='par_1_7' title="bbox 306 4584 3266 4667">
     <span class='ocr_line' id='line_1_39' title="bbox 306 4584 3266 4667; baseline -0.009 0"><span class='ocrx_word' id='word_1_428' title='bbox 306 4584 3266 4667; x_wconf 61' lang='grc' dir='ltr'><em>Μ</em></span> 
     </span>
    </p>
   </div>
   <div class='ocr_carea' id='block_1_3' title="bbox 294 4746 3296 5205">
    <p class='ocr_par' dir='ltr' id='par_1_8' title="bbox 298 4746 3296 4977">
     <span class='ocr_line' id='line_1_40' title="bbox 376 4746 3288 4847; baseline -0.004 -19"><span class='ocrx_word' id='word_1_429' title='bbox 376 4776 540 4846; x_wconf 76' lang='lat'><em>(73)</em></span> <span class='ocrx_word' id='word_1_430' title='bbox 574 4770 745 4847; x_wconf 58' lang='lat' dir='ltr'><strong>Quia</strong></span> <span class='ocrx_word' id='word_1_431' title='bbox 769 4769 780 4782; x_wconf 75' lang='lat'>⁸</span> <span class='ocrx_word' id='word_1_432' title='bbox 807 4762 861 4847; x_wconf 76' lang='lat' dir='ltr'><em>fi</em></span> <span class='ocrx_word' id='word_1_433' title='bbox 878 4764 1006 4836; x_wconf 74' lang='lat' dir='ltr'><strong>suis</strong></span> <span class='ocrx_word' id='word_1_434' title='bbox 1028 4758 1327 4835; x_wconf 70' lang='lat' dir='ltr'><strong>finss&#39;bus)</strong></span> <span class='ocrx_word' id='word_1_435' title='bbox 1364 4757 1459 4819; x_wconf 72' lang='lat' dir='ltr'><strong>Est</strong></span> <span class='ocrx_word' id='word_1_436' title='bbox 1492 4756 1586 4831; x_wconf 85' lang='lat' dir='ltr'><strong>qui</strong></span> <span class='ocrx_word' id='word_1_437' title='bbox 1608 4756 1747 4815; x_wconf 84' lang='lat' dir='ltr'><strong>rnal-</strong></span> <span class='ocrx_word' id='word_1_438' title='bbox 1848 4754 1910 4814; x_wconf 84' lang='lat' dir='ltr'><strong>ba</strong></span> <span class='ocrx_word' id='word_1_439' title='bbox 1945 4752 2210 4830; x_wconf 82' lang='lat' dir='ltr'><strong>aptiffime</strong></span> <span class='ocrx_word' id='word_1_440' title='bbox 2245 4752 2564 4839; x_wconf 67' lang='lat' dir='ltr'><strong>cohaereant</strong></span> <span class='ocrx_word' id='word_1_441' title='bbox 2585 4746 2847 4821; x_wconf 60' lang='lat' dir='ltr'><strong>,eitrema</strong></span> <span class='ocrx_word' id='word_1_442' title='bbox 2882 4782 3001 4823; x_wconf 87' lang='lat' dir='ltr'><strong>curn</strong></span> <span class='ocrx_word' id='word_1_443' title='bbox 3057 4754 3288 4835; x_wconf 75' lang='lat' dir='ltr'><strong>primis:</strong></span> 
     </span>
     <span class='ocr_line' id='line_1_41' title="bbox 300 4824 3296 4915; baseline -0.005 -12"><span class='ocrx_word' id='word_1_444' title='bbox 300 4844 426 4915; x_wconf 63' lang='lat' dir='ltr'><strong>letl,</strong></span> <span class='ocrx_word' id='word_1_445' title='bbox 463 4842 599 4899; x_wconf 86' lang='lat' dir='ltr'><strong>duce</strong></span> <span class='ocrx_word' id='word_1_446' title='bbox 632 4838 763 4897; x_wconf 82' lang='lat' dir='ltr'><strong>Lam</strong></span> <span class='ocrx_word' id='word_1_447' title='bbox 802 4854 931 4897; x_wconf 72' lang='lat' dir='ltr'><strong>ino:</strong></span> <span class='ocrx_word' id='word_1_448' title='bbox 968 4833 1135 4913; x_wconf 65' lang='lat' dir='ltr'><strong>Quid</strong></span> <span class='ocrx_word' id='word_1_449' title='bbox 1164 4842 1189 4890; x_wconf 66' lang='grc'><strong><em>1</em></strong></span> <span class='ocrx_word' id='word_1_450' title='bbox 1225 4828 1329 4909; x_wconf 68' lang='lat' dir='ltr'><strong>ipse*</strong></span> <span class='ocrx_word' id='word_1_451' title='bbox 1344 4829 1474 4905; x_wconf 74' lang='lat' dir='ltr'><strong>suis</strong></span> <span class='ocrx_word' id='word_1_452' title='bbox 1497 4827 1744 4907; x_wconf 75' lang='lat' dir='ltr'><strong>sensibus</strong></span> <span class='ocrx_word' id='word_1_453' title='bbox 1844 4830 2111 4893; x_wconf 84' lang='lat' dir='ltr'><strong>alterum.</strong></span> <span class='ocrx_word' id='word_1_454' title='bbox 2148 4826 2220 4909; x_wconf 78' lang='lat' dir='ltr'><strong>de</strong></span> <span class='ocrx_word' id='word_1_455' title='bbox 2253 4846 2366 4909; x_wconf 66' lang='lat' dir='ltr'><strong>quo</strong></span> <span class='ocrx_word' id='word_1_456' title='bbox 2403 4824 2716 4902; x_wconf 43' lang='lat' dir='ltr'><strong>hie‘agitm·</strong></span> <span class='ocrx_word' id='word_1_457' title='bbox 2754 4873 2773 4899; x_wconf 86' lang='lat'>,</span> <span class='ocrx_word' id='word_1_458' title='bbox 2808 4852 2899 4891; x_wconf 79' lang='lat' dir='ltr'><strong>aut</strong></span> <span class='ocrx_word' id='word_1_459' title='bbox 2935 4830 3050 4905; x_wconf 78' lang='lat' dir='ltr'><strong>ipsa</strong></span> <span class='ocrx_word' id='word_1_460' title='bbox 3089 4828 3296 4889; x_wconf 81' lang='lat' dir='ltr'><strong>verbo-</strong></span> 
     </span>
     <span class='ocr_line' id='line_1_42' title="bbox 298 4898 3295 4977; baseline -0.009 4"><span class='ocrx_word' id='word_1_461' title='bbox 298 4934 424 4973; x_wconf 58' lang='lat' dir='ltr'><strong>ru*</strong></span> <span class='ocrx_word' id='word_1_462' title='bbox 460 4917 799 4977; x_wconf 55' lang='lat' dir='ltr'><strong>moventur?</strong></span> <span class='ocrx_word' id='word_1_463' title='bbox 1844 4920 1967 4959; x_wconf 84' lang='lat' dir='ltr'><strong>rum</strong></span> <span class='ocrx_word' id='word_1_464' title='bbox 2003 4916 2348 4958; x_wconf 76' lang='lat' dir='ltr'><strong>concinnitas</strong></span> <span class='ocrx_word' id='word_1_465' title='bbox 2379 4898 2634 4961; x_wconf 81' lang='lat' dir='ltr'><strong>conficiat</strong></span> <span class='ocrx_word' id='word_1_466' title='bbox 2689 4904 2878 4963; x_wconf 83' lang='lat' dir='ltr'><strong>orbem</strong></span> <span class='ocrx_word' id='word_1_467' title='bbox 2913 4900 3070 4961; x_wconf 82' lang='lat' dir='ltr'><strong>suum</strong></span> <span class='ocrx_word' id='word_1_468' title='bbox 3107 4926 3122 4959; x_wconf 89' lang='grc'><strong>.-</strong></span> <span class='ocrx_word' id='word_1_469' title='bbox 3177 4918 3295 4956; x_wconf 81' lang='lat' dir='ltr'><strong>ter-</strong></span> 
     </span>
    </p>

    <p class='ocr_par' dir='ltr' id='par_1_9' title="bbox 294 4970 3287 5205">
     <span class='ocr_line' id='line_1_43' title="bbox 382 4970 3287 5055; baseline -0.008 -7"><span class='ocrx_word' id='word_1_470' title='bbox 382 4986 537 5054; x_wconf 82' lang='grc'>(74)</span> <span class='ocrx_word' id='word_1_471' title='bbox 594 4980 665 5039; x_wconf 77' lang='lat' dir='ltr'><strong>Id</strong></span> <span class='ocrx_word' id='word_1_472' title='bbox 695 4992 891 5037; x_wconf 58' lang='lat' dir='ltr'><strong>mmm</strong></span> <span class='ocrx_word' id='word_1_473' title='bbox 939 4996 967 5033; x_wconf 60' lang='grc' dir='ltr'>ί</span> <span class='ocrx_word' id='word_1_474' title='bbox 1040 4992 1219 5046; x_wconf 61' lang='grc' dir='ltr'><strong>ΜΝ*</strong></span> <span class='ocrx_word' id='word_1_475' title='bbox 1254 4980 1288 5043; x_wconf 79' lang='grc'>)</span> <span class='ocrx_word' id='word_1_476' title='bbox 1338 4970 1746 5055; x_wconf 76' lang='lat' dir='ltr'><strong>collocationis</strong></span> <span class='ocrx_word' id='word_1_477' title='bbox 1848 4971 2025 5038; x_wconf 75' lang='lat' dir='ltr'><strong>tium,</strong></span> <span class='ocrx_word' id='word_1_478' title='bbox 2060 4990 2122 5032; x_wconf 84' lang='lat' dir='ltr'><strong>ut</strong></span> <span class='ocrx_word' id='word_1_479' title='bbox 2154 4970 2578 5047; x_wconf 81' lang='lat' dir='ltr'><strong>comprehenlio</strong></span> <span class='ocrx_word' id='word_1_480' title='bbox 2595 4974 2889 5035; x_wconf 80' lang='lat' dir='ltr'><strong>numerose</strong></span> <span class='ocrx_word' id='word_1_481' title='bbox 2918 4974 3108 5033; x_wconf 75' lang='lat' dir='ltr'><strong>cadet.</strong></span> <span class='ocrx_word' id='word_1_482' title='bbox 3145 4980 3287 5031; x_wconf 67' lang='lat' dir='ltr'><strong>Iru-</strong></span> 
     </span>
     <span class='ocr_line' id='line_1_44' title="bbox 304 5042 2656 5121; baseline -0.009 -5"><span class='ocrx_word' id='word_1_483' title='bbox 304 5054 636 5121; x_wconf 60' lang='lat' dir='ltr'><strong>verborum,</strong></span> <span class='ocrx_word' id='word_1_484' title='bbox 670 5068 737 5111; x_wconf 72' lang='lat' dir='ltr'><strong>ut</strong></span> <span class='ocrx_word' id='word_1_485' title='bbox 770 5066 900 5110; x_wconf 83' lang='lat' dir='ltr'><strong>ante</strong></span> <span class='ocrx_word' id='word_1_486' title='bbox 996 5046 1147 5106; x_wconf 85' lang='lat' dir='ltr'><strong>icero</strong></span> <span class='ocrx_word' id='word_1_487' title='bbox 1178 5046 1448 5119; x_wconf 71' lang='lat' dir='ltr'><strong>explicuit</strong></span> <span class='ocrx_word' id='word_1_488' title='bbox 1500 5066 1558 5105; x_wconf 76' lang='lat' dir='ltr'><strong>ce</strong></span> <span class='ocrx_word' id='word_1_489' title='bbox 1601 5084 1621 5103; x_wconf 75' lang='grc'><strong>,.</strong></span> <span class='ocrx_word' id='word_1_490' title='bbox 1652 5066 1745 5117; x_wconf 67' lang='lat'><strong>44»</strong></span> <span class='ocrx_word' id='word_1_491' title='bbox 1834 5042 2023 5115; x_wconf 66' lang='lat' dir='ltr'><strong>fleus.</strong></span> <span class='ocrx_word' id='word_1_492' title='bbox 2649 5051 2656 5057; x_wconf 84' lang='lat'><strong>·</strong></span> 
     </span>
     <span class='ocr_line' id='line_1_45' title="bbox 294 5118 1747 5205; baseline -0.013 -12"><span class='ocrx_word' id='word_1_493' title='bbox 294 5126 525 5205; x_wconf 63' lang='lat' dir='ltr'><strong>ariplex</strong></span> <span class='ocrx_word' id='word_1_494' title='bbox 560 5122 645 5189; x_wconf 78' lang='lat' dir='ltr'><strong>est</strong></span> <span class='ocrx_word' id='word_1_495' title='bbox 676 5141 844 5199; x_wconf 71' lang='lat' dir='ltr'><strong>genus</strong></span> <span class='ocrx_word' id='word_1_496' title='bbox 864 5144 881 5179; x_wconf 85' lang='lat'><strong>.-</strong></span> <span class='ocrx_word' id='word_1_497' title='bbox 916 5118 1159 5195; x_wconf 78' lang='lat' dir='ltr'><strong>primum</strong></span> <span class='ocrx_word' id='word_1_498' title='bbox 1188 5157 1209 5189; x_wconf 86' lang='lat'><strong>,-</strong></span> <span class='ocrx_word' id='word_1_499' title='bbox 1246 5136 1307 5179; x_wconf 86' lang='lat' dir='ltr'><strong>ut</strong></span> <span class='ocrx_word' id='word_1_500' title='bbox 1346 5118 1495 5178; x_wconf 83' lang='lat' dir='ltr'><strong>inter</strong></span> <span class='ocrx_word' id='word_1_501' title='bbox 1618 5135 1747 5179; x_wconf 85' lang='lat' dir='ltr'><strong>ver-</strong></span> 
     </span>
    </p>
   </div>
  </div>
 </body>
</html>
