4359 6321
1197 471 1319 572 28
1659 466 1835 558 DE
1897 459 2677 557 INVENTIONE
2736 459 3476 560 RHETORIGA

1173 597 1310 680 Qi
1363 601 1596 680 putant
1652 588 1718 654 in
1771 586 2062 680 quinque-
2115 583 2407 651 distribui
2459 601 2675 672 partes
2725 601 3025 671 oportere
3067 636 3089 671 ,
3142 582 3333 662 aiunt
3384 588 3683 676 primum
3730 599 4085 668 convenire

1067 713 1398 788 exponere
1454 691 1786 758 summam
1837 686 2443 780 argumentationis
2481 737 2503 773 ,
2551 684 2631 751 ad
2680 685 2863 752 hunc
2918 683 3193 754 modum
3234 711 3253 752 :
3310 689 3559 760 Melius
3613 713 4011 768 accurantur
4062 752 4085 788 ‚

1069 823 1210 894 quae
1265 793 1542 863 consilio
1591 809 1916 883 geruntur
1956 841 1977 876 ,
2050 805 2259 878 quam
2310 809 2452 877 quae
2506 786 2641 854 fine
2692 787 2967 856 confilio
3020 785 3557 860 administrantur
3612 839 3629 859 .
3705 801 3902 866 Hanc
3954 803 4092 890 pri*

1074 919 1259 972 mam
1311 915 1563 987 partem
1619 905 1973 963 numerant
2019 937 2035 954 .
2090 892 2257 956 Eam
2309 889 2615 978 deinceps
2664 887 3031 956 rationibus
3078 889 3281 956 variis
3320 943 3339 976 ,
3392 895 3465 962 &
3522 917 3727 984 quam.
3784 901 4087 988 cop10s1ss-

1069 1003 1254 1073 fimis
1307 998 1523 1067 verbis
1572 993 1915 1083 approbari
1969 1008 2199 1084 putant
2254 1007 2559 1079 oportere
2610 1043 2633 1076 ,
2683 991 2807 1058 hoc
2860 989 3099 1057 m'odo:
3153 993 3418 1062 Domus
3467 1017 3585 1084 ea,
3636 1022 3775 1089 quae
3828 1004 4083 1072 ratione

1069 1109 1368 1196 regitur,
1416 1095 1724 1168 omuibus
1779 1093 2152 1162 instructior
2206 1091 2302 1161 est
2351 1092 2543 1164 rebus
2594 1094 2663 1161 ἃ.
2742 1093 3108 1180 apparatior
3150 1145 3172 1177 ,
3242 1116 3450 1184 quam
3501 1120 3625 1185 ea,
3678 1124 3819 1193 quae
3874 1121 4085 1172 teme.

1067 1229 1178 1294 re,
1231 1209 1301 1275 &
1363 1201 1551 1268 nullo
1600 1196 1874 1265 confilio
1925 1195 2459 1264 administratur.
2516 1195 2869 1261 Exercitus
2920 1196 2977 1262 is
3017 1243 3039 1279 ‚
3089 1195 3197 1262 cui
3251 1199 3630 1289 praepofitus
3682 1202 3775 1270 est
3827 1203 4082 1294 sapiens

1067 1311 1139 1379 &
1194 1291 1907 1388 callidus-‘imperator
1947 1351 1967 1386 ,
2017 1294 2329 1365 omnibus
2378 1293 2675 1386 partibus
2726 1293 3148 1364 commodius
3196 1298 3452 1389 regitur
3492 1355 3513 1390 ‚
3563 1325 3769 1394 quam
3819 1306 3914 1396 is,
3966 1306 4087 1397 qui

1059 1404 1374 1488 stultitia,
1431 1406 1499 1472 &
1557 1402 1922 1470 temeritate
1973 1397 2262 1479 alicujus
2312 1397 2844 1467 administratur.
2898 1395 3151 1464 Eadem
3206 1403 3459 1490 navigii
3516 1407 3681 1473 ratio
3730 1405 3864 1475 est:
3918 1428 4085 1478 nam

1059 1508 1250 1584 navis
1304 1506 1551 1594 optime
1601 1504 1878 1574 cursum
1929 1501 2199 1572 conficit
2244 1521 2366 1587 ea,
2420 1523 2560 1592 qua:
2616 1497 3033 1569 scientisfimo
3082 1500 3521 1588 gubernatore
3574 1509 3837 1577 utitur„

1165 1616 1344 1677 Cum
1398 1607 1742 1695 propositio
1793 1606 1867 1672 fit
1919 1611 2122 1696 (77)
2171 1603 2299 1672 hoc
2351 1602 2549 1694 patto
2597 1597 2950 1692 approbata
2988 1653 3008 1687 ,
3084 1602 3157 1669 ὅ(
3213 1599 3353 1668 duoe
3408 1621 3623 1690 partes
3682 1607 4079 1681 tra-nfierinr

1063 1710 1594 1779 ratiocinationis
1629 1761 1660 1797 ,¹
1701 1707 1894 1776 tertia
1928 1708 2026 1792 in.
2069 1722 2257 1796 parte
2307 1706 2500 1784 ajunt·
2529 1757 2552 1789 ,
2601 1701 2785 1793 quod
2832 1698 3162 1767 ostendere
3216 1701 3421 1786 velis,
3468 1707 3534 1772 id
3584 1728 3672 1774 ex
3728 1711 3796 1776 vi
3846 1730 4087 1797 propo-

1059 1813 1318 1880 ·fitionis
1363 1827 1669 1898 oportere
1723 1795 2085 1894 affumere,
2134 1808 2261 1875 hoc
2317 1806 2563 1894 pattoz
2616 1801 2803 1872 Nihil
2844 1817 3089 1870 autem
3136 1802 3450 1872 omnium.
3492 1825 3725 1873 rerum
3769 1807 4015 1882 melius
4060 1859 4089 1896 ,

1064 1934 1268 2002 quam
1323 1913 1540 1978 omnis
1593 1910 1926 1996 mundus,
1976 1908 2515 1978 administratur.

1091 2003 1096 2008 ’
1178 2012 1418 2090 Hujus·
1456 2013 1906 2102 affumptionis
1977 2015 2120 2098 (78
2153 2023 2197 2099 )-
2254 2028 2491 2101 quarto
2541 2011 2610 2077 iin
2661 2009 2809 2078 loco
2875 2006 3076 2076 aliam
3124 2029 3313 2096 porro
3384 2008 3711 2080 inducunt
3759 2007 4085 2099 approba.-

1068 2116 1319 2182 tionem
1350 2157 1387 2200 -,
1452 2114 1586 2182 hoc⁴
1635 2111 1833 2180 modro
1877 2137 1893 2176 z
1949 2115 2137 2178 Nam·
2182 2115 2253 2182 &
2316 2112 2657 2200 lignorum
2708 2123 2892 2177 ortus
2947 2112 3020 2180 &
3075 2110 3293 2178 obitus
3342 2109 3695 2178 definitum
3742 2109 4087 2202 quendam.

1064 2216 1364 2284 ordinem
1423 2213 1692 2281 servant-
1729 2265 1750 2299 ,
1821 2217 1890 2283 &
1951 2235 2182 2282 annuae
2234 2211 2787 2282 commutationes
2828 2261 2849 2296 ‚
2899 2231 3034 2278 non
3086 2213 3290 2280 modo
3340 2213 3627 2299 quadam
3677 2235 3769 2280 ex
3813 2212 4083 2282 neceffi..

1063 2333 1206 2384 tate
1256 2317 1509 2404 semper
1563 2314 1802 2384 eodem
1853 2314 2056 2383 modo
2105 2312 2325 2399 fiunt,
2378 2333 2614 2380 verum
2664 2309 2748 2376 ad
2802 2311 3127 2380 utilitates*
3170 2333 3430 2403 quoque
3482 2335 3715 2382 rerum
3760 2316 4087 2382 omnium

1060 2417 1217 2485 funt
1273 2415 1792 2486 accommodatae
1834 2467 1868 2506 ⁹.
1911 2418 1982 2480 &
2038 2415 2329 2495 diurnae,
2379 2410 2844 2500 notturnaeque
2902 2411 3407 2500 viciffitudines,
3461 2416 3653 2484 nulla
3708 2417 3773 2482 in
3826 2437 3901 2484 re
3954 2438 4087 2486 une-

1056 2537 1264 2606 quam
1317 2533 1608 2583 mutatae·
1643 2516 2020 2600 quidquam
2071 2519 2442 2578 nocuerunt
2479 2557 2496 2575 .
2554 2515 2717 2596 Qae
2772 2510 2959 2600 figno
3015 2511 3165 2580 sunt
3216 2518 3447 2584 omnia
3498 2569 3519 2602 ,
3572 2537 3707 2591 non
3758 2515 4091 2588 mediocri

1059 2617 1350 2706 quodam
1403 2613 1679 2680 consilio
1731 2628 2042 2680 naturam
2092 2612 2324 2680 mundi
2372 2609 2873 2678 administrari„
3737 2683 3743 2688 ,

1103 2707 1118 2712 ”
1169 2717 1434 2802 Qinto
1485 2713 1826 2782 inducunt
1871 2715 2036 2783 loco
2071 2712 2599 2802 complexionem
2648 2735 2797 2782 eam
2838 2765 2860 2798 ,
2929 2719 3127 2799 (79)
3200 2735 3343 2804 quae
3420 2733 3534 2785 aut
3602 2718 3669 2787 id
3722 2718 3927 2788 infert
3983 2719 4093 2796 so.-

1071 2821 1216 2890 lzum
1259 2872 1280 2906 ,
1333 2815 1519 2908 quod·
1557 2837 1657 2883 ex·
1695 2815 2005 2884 omnibus
2057 2814 2351 2905 partibus
2402 2817 2665 2904 cogitur
2710 2868 2731 2902 ,
2782 2815 2907 2882 hoc
2962 2811 3165 2880 modo
3202 2838 3235 2880 ι.
3277 2817 3823 2906 confilioigitur
3878 2842 4093 2888 mun,

1069 2922 1202 2993 dus·
1249 2918 1744 2986 administratur
1782 2939 1808 2978 .·
1864 2934 1979 2986 aut
2029 2939 2246 2989 unum
2298 2917 2368 2984 in
2423 2916 2647 2987 locum
2698 2937 2862 2984 cum
2898 2914 3310 2982 'conduxerit
3362 2914 3646 2981 breviter
3703 2918 4091 3006 propositio..

1070 3041 1228 3088 nem
1285 3021 1356 3088 ἂι
1415 3019 1974 3107 assumptionem,
2027 3022 2102 3087 ἰὼ
2147 3018 2459 3107 adjungit.
2494 3069 2516 3105 ,
2562 3017 2736 3108 quod
2785 3038 2879 3084 ex.
2920 3015 3028 3082 his
3083 3011 3521 3102 conficiatur,
3572 3014 3653 3082 ad
3703 3015 3893 3086 hunc.
3936 3042 4089 3088 mo.

1060 3123 1268 3192 dum=
1322 3119 1532 3205 Quod
1571 3118 1630 3186 fi·
1674 3120 1914 3189 melius
1966 3135 2300 3211 geruntur
2348 3137 2425 3185 ea
2464 3168 2487 3203 ,
2542 3141 2689 3209 quoe
2742 3113 3017 3184 confilio
3058 3165 3078 3197 ,
3158 3135 3375 3204 quam.
3414 3140 3566 3207 quaa
3614 3117 3763 3188 fine.
3801 3121 4085 3193 confilio

1069 3222 1610 3292 administrantur
1654 3246 1676 3285 ι
1743 3221 1912 3291 nihil
1965 3237 2202 3289 autem·
2238 3221 2547 3287 omnium
2599 3238 2825 3285 rerum
2878 3215 3121 3282 melius
3173 3270 3193 3302 ,
3266 3240 3467 3308 quam
3520 3222 3737 3305 omnis
3788 3224 4101 3295 mundus-

1063 3323 1591 3391 administratur:
1647 3324 1918 3391 consilio
1968 3324 2174 3413 igitur
2230 3320 2525 3391 mundus
2579 3316 3126 3388 administratur.
3178 3322 3809 3412 Qinquepartitam
3862 3326 4093 3415 igitur·

1027 3450 1030 3453 ·
1070 3427 1198 3493 hoc
1249 3424 1441 3517 patto
1492 3438 1732 3511 putant
1783 3424 1906 3491 effe
1955 3423 2644 3515 argumentationem..

1170 3529 1455 3593 XXXV.
1513 3525 1653 3607 Qi
1707 3544 1948 3594 autemae
1991 3527 2399 3615 tripartitam·
2436 3528 2555 3594 effe
2608 3526 2844 3592 dicunt
2886 3576 2907 3609 ,
2974 3523 3019 3587 ii
3090 3542 3223 3588 non
3274 3522 3467 3587 aliter
3520 3538 3753 3611 putant
3807 3525 4086 3596 trattati

1078 3638 1374 3713 oportere
1427 3628 2078 3709 argumentationem
2118 3682 2138 3713 ,
2216 3626 2325 3693 sed
2398 3628 2819 3713 partitionem
2894 3624 3138 3692 horum
3194 3622 3677 3711 reprehendunt
3722 3672 3737 3690 .
3813 3630 4089 3715 Negans

1071 3722 1266 3789 enim·
1309 3740 1521 3807 neque
1573 3740 1613 3784 a
1663 3721 2151 3810 propositione,
2204 3745 2417 3811 neque
2468 3725 2549 3788 ab
2602 3726 3027 3810 assumptione
3078 3721 3564 3811 approbationes
3615 3746 3846 3794 earum
3906 3729 4089 3816 sepa-

1077 3825 1216 3891 rari
1264 3837 1560 3910 oportere
1583 3845 1607 3906 ‚-
1665 3842 1879 3912 neque
1925 3824 2438 3911 propositionem
2488 3820 2903 3910 absolutam,
2952 3843 3167 3912 neque
3220 3824 3714 3911 affumptionem
3767 3826 3877 3893 fibi
3934 3849 4110 3915 perf,

1075 3924 1318 3993 festam
1376 3920 1582 3989 videri
1629 3972 1648 4003 ,
1699 3946 1843 4012 quae
1895 3921 2364 4012 approbatione·
2404 3923 2815 3991 confirmata
2856 3944 2995 3995 non
3051 3924 3129 3991 fit
3170 3970 3201 3990 ..
3260 3930 3493 4007 Quare
3546 3944 3707 4017 quas
3756 3926 3859 3994 illi
3914 3928 4093 3999 dua-s

1083 4040 1298 4114 partes
1346 4038 1706 4091 numerant
1745 4076 1768 4111 ,
1816 4026 2319 4116 propositionem
2374 4027 2447 4095 &
2503 4024 3047 4114 approbationem
3082 4077 3101 4111 ,
3157 4022 3269 4092 fibi
3319 4046 3527 4093 unam
3581 4042 3840 4115 partem
3896 4027 4083 4099 vida.

1073 4128 1134 4193 ri
1183 4178 1204 4212 ,
1251 4122 1800 4219 propositionem:
1857 4148 1998 4218 quae
2051 4126 2098 4197 fi
2153 4127 2500 4219 approbata
2551 4148 2687 4197 non
2739 4126 2820 4196 fit
2856 4182 2881 4216 ,
2928 4126 3272 4215 propofitio
3322 4148 3459 4195 non
3511 4126 3595 4197 snt
3641 4142 4092 4216 argumenta.-

1512 4268 1524 4275 -
3744 4230 4001 4297 tionis„

1103 4476 4091 4501 *wa

1165 4590 1334 4653 (77)
1374 4592 1517 4645 Cum
1550 4586 1832 4663 propositio
1859 4586 1942 4661 fit
1979 4588 2141 4658 chuc.)
2200 4588 2537 4662 Propofitio-
2638 4612 2755 4665 cap.
2780 4613 2863 4661 14.
2902 4591 3085 4648 Idem.

1085 4655 1478 4739 nie-vpcabulo
1515 4660 1726 4717 Tullius
1761 4678 1878 4717 eam
1916 4661 2185 4733 intelligit
2216 4702 2237 4727 ,
2278 4682 2435 4734 quam
2476 4662 2535 4721 in
2711 4668 2891 4735 (79).
2921 4662 3358 4734 complexionem
3396 4663 3569 4724 σωκ)
3607 4661 3678 4719 In
3715 4653 4097 4737 praecedenti·-

1083 4728 1292 4791 schohs
1331 4730 1498 4800 vulgo
1519 4736 1788 4799 Maiorem
1825 4750 2058 4789 vocant:
2099 4730 2533 4807 eandem‘Quin-
2643 4734 2734 4791 bus
2792 4734 3109 4805 complexu>
3148 4729 3401 4787 ciceroni
3458 4748 3571 4789 erat
3622 4752 3683 4789 ea
3718 4730 4099 4789 ratiocinandi

1089 4804 1314 4865 olianus
1365 4804 1687 4861 intentionis
1744 4802 1974 4861 nomine
2027 4803 2271 4875 designat
2326 4803 2452 4865 libr.
2484 4823 2532 4877 5.
2644 4804 2872 4863 formula
2914 4844 2930 4870 ,
2958 4804 3044 4861 cui
3081 4821 3283 4860 nomen
3324 4802 3573 4859 dilemma
3599 4843 3617 4869 ‚
3645 4802 3893 4869 δι’λκμμα
3924 4838 3939 4853 .
3984 4800 4109 4858 Sed

1083 4894 1202 4947 cap.
1225 4892 1308 4943 14·
1345 4890 1463 4945 pag.
1481 4893 1614 4949 337.
1645 4872 1736 4931 ubi
1775 4873 1907 4933 vide
1943 4878 2120 4936 Notas
2145 4914 2164 4933 .
2202 4876 2358 4933 Idem
2642 4874 2747 4934 hoc
2806 4878 2879 4933 in·
2902 4876 3029 4931 loco
3066 4874 3463 4946 complexionis
3516 4872 4099 4952 nomineJrgumenti

1161 4950 1270 5012 (78
1295 4948 1324 5007 )
1362 4952 1548 5013 Hujus
1586 4944 2015 5019 affumptionis)
2051 4950 2229 5020 Quam
2268 4950 2539 5005 Mnorem
2640 4945 3077 5012 conclusionem,
3114 4964 3174 5003 ut
3212 4964 3359 5003 nunc
3398 4944 3669 5016 loquimur
3705 4984 3723 5010 ,
3761 4942 3949 5001 mtelh
3999 4961 4097 5006 ης

1053 5020 1114 5073 'a
1157 5015 1362 5088 pellar-e
1419 5014 1603 5075 solent
1641 5013 1946 5075 scholastici
1995 5060 2012 5085 ‚
2067 5025 2122 5076 δε
2161 5016 2539 5091 Quintilianus
2640 5038 2801 5091 quam
2838 5023 2895 5075 ὅ(
2932 5018 3347 5076 connexionem
3402 5016 3639 5089 appellat
3678 5014 3924 5092 Quintil.
3988 5035 4115 5076 occ>³

1146 5084 1380 5163 iquando
1417 5090 1712 5149 Rationem
1757 5108 1944 5148 vocat.
1985 5088 2176 5163 Ipsum
2214 5090 2341 5162 lege
2368 5090 2537 5162 lib..5.
2640 5110 2767 5153 mox
2808 5087 3079 5151 indicato.
3120 5088 3319 5149 [dem.u

4322 1733 4327 1816 -.
4322 1382 4331 1617 -—v‚...
4326 1247 4330 1323 --.-
