4359 6321
1243 528 1427 614 104
1983 490 2219 585 DE
2338 488 3297 585 ORATORE

1111 619 1308 691 bant.
1367 622 1523 682 Erat
1569 613 1776 682 etiam
1827 614 2245 681 Metrodorus
2283 664 2306 697 ‚
2376 614 2489 701 qui
2542 632 2701 679 cum
2752 611 2885 678 illis
2938 632 3069 679 una
3122 612 3338 701 ipsum
3408 612 3607 681 illum
3676 612 4087 687 Carneadem

1109 717 1496 808 diligentius
1543 716 1879 799 audierat,
1927 716 2271 781 hominem
2321 714 2626 780 omnium
2678 712 2745 777 in
2792 712 3114 798 dicendo,
3164 734 3233 784 ut
3260 715 3598 801 ferebant,
3649 718 4083 807 acerrimum,

1111 823 1184 891 δι
1242 817 1772 903 copiofiffimum.
1827 816 2108 903 Vigebat
2159 810 2412 880 auditor
2470 814 2728 881 Panaetii
2800 812 2979 881 illius
3050 819 3149 882 tui
3220 816 3718 902 Mnesarchus;
3788 820 3859 886 δε
3924 822 4095 889 Peri-

1115 920 1378 1009 patetici
1431 918 1572 995 (ιο
1597 928 1628 1001 )
1679 920 2010 985 Critolaus
2063 918 2134 983 &
2198 914 2564 980 Diodorus,
2626 913 2833 1011 Multi
2878 930 3067 979 erant
3123 932 3428 1002 praeterea
3482 918 3782 1003 ptaeclari
3840 919 3905 981 in
3950 922 4095 1006 phi-

1115 1020 1457 1110 losophia,
1509 1023 1580 1088 &
1639 1018 1927 1104 nobileS‚
1975 1039 2016 1085 a
2065 1013 2301 1105 quibus
2373 1014 2679 1081 omnibus
2749 1034 2883 1080 una
2936 1036 3103 1100 pene
3177 1018 3406 1104 repelli
3466 1038 3622 1084 voce
3674 1036 4005 1085 oratorem
4054 1042 4095 1091 a

1113 1120 1586 1213 gubernaculis
1655 1120 2010 1185 civitatum
2048 1168 2069 1201 ‚
2135 1116 2403 1182 excludi
2470 1111 2549 1179 ab
2614 1117 2798 1180 omni
2867 1115 3164 1182 dostrina
3219 1168 3239 1200 ,
3310 1139 3670 1206 rerumque
3765 1120 4097 1195 majwrum

1117 1224 1390 1291 scientia
1428 1271 1451 1303 ‚
1523 1240 1598 1285 ac
1653 1236 1922 1285 tantum
1971 1219 2038 1281 in
2095 1216 2340 1292 judicia
2410 1219 2479 1284 &
2537 1216 3013 1283 conciunculas
3053 1271 3073 1304 ,
3140 1234 3456 1308 tanquam
3528 1222 3597 1311 in
3674 1219 3935 1307 aliquod
4003 1224 4096 1310 pi..

1110 1322 1386 1387 strinum
1427 1373 1448 1404 ‚
1535 1318 1854 1402 detrudi,
1942 1318 2013 1385 &c
2085 1318 2423 1404 compingi
2496 1316 2800 1384 videbam
2838 1366 2853 1383 .
2930 1319 3055 1384 Sed
3122 1340 3246 1407 ego
3318 1344 3529 1409 neque
3600 1320 3735 1385 illis
3811 1323 4099 1391 affentie-

1109 1420 1275 1507 bar,
1323 1440 1536 1509 neque
1587 1422 1830 1485 harum
1885 1415 2404 1503 disputationum
2458 1420 2782 1485 inventori
2828 1470 2849 1503 ,
2920 1420 2989 1486 δ(
3064 1423 3344 1508 principi
3402 1422 3600 1508 longe
3672 1422 3976 1489 omnium
4028 1424 4099 1489 in

1110 1521 1390 1590 dice-ndo
1441 1520 1820 1609 graviffimo
1858 1572 1879 1603 ,
1955 1520 2024 1585 &
2079 1518 2603 1605 eloquentissimo
2642 1569 2665 1605 ‚
2733 1518 3053 1606 Platoni,
3122 1523 3311 1598 cujus
3384 1542 3532 1587 tum
3616 1523 3889 1587 Athenis
3959 1522 4099 1588 dili-

1112 1625 1372 1713 gentius
1425 1622 1556 1709 legi
1610 1642 1772 1690 cum
1825 1618 2202 1686 Charmada
2254 1620 2579 1709 Gorgiam
2628 1622 2761 1696 (ιι
2800 1632 2864 1705 ):
2920 1642 3053 1707 quo
3107 1622 3172 1685 in
3217 1622 3417 1706 libro,
3470 1624 3593 1687 hoc
3648 1624 3941 1689 maxime
3994 1622 4103 1687 ad·

1109 1724 1402 1791 mirabar
1457 1725 1849 1804 Platonem,
1900 1724 2076 1809 quod
2129 1723 2295 1788 mihi
2344 1724 2417 1788 in
2472 1720 2831 1789 oratoribus
2882 1720 3223 1787 irridendis
3274 1723 3401 1809 ipse
3458 1726 3576 1787 effe
3646 1741 3865 1788 orator
3926 1724 4101 1789 lum·

1115 1846 1268 1893 mus
1326 1823 1695 1891 videbatur.
1755 1821 1953 1888 Verbi
2001 1805 2185 1889 enim
2236 1824 2687 1889 controversia
2737 1833 2940 1909 (22)
2998 1822 3247 1899 jamdiu
3302 1840 3559 1913 torquet
3620 1824 3964 1889 Graeculos
3986 1824 4105 1889 ho-

1113 1928 1330 1993 mines
1379 1925 1815 1991 contentionis
1865 1926 2229 2011 cupidiores
2284 1944 2485 2011 quam
2535 1923 2824 1989 veritatis
2861 1969 2876 1984 .
2952 1925 3130 1987 Nam
3187 1924 3230 1988 fi
3287 1927 3430 2011 quis
3482 1926 3661 1987 huuc
3720 1929 3934 1990 statuit
3984 1924 4105 1991 effe

1117 2044 1488 2111 oratorem,
1537 2027 1650 2113 qui
1703 2028 2165 2092 tantummodo
2217 2027 2281 2090 in
2338 2024 2477 2098 jure
2512 2072 2536 2108 ‚
2604 2037 2715 2087 aut
2770 2024 2839 2087 in
2892 2019 3153 2095 judiciis
3208 2022 3389 2107 poffit
3428 2073 3449 2104 ,
3500 2038 3613 2085 aut
3672 2023 3845 2109 apud
3900 2044 4103 2111 popu..

1115 2126 1301 2210 lum,
1357 2146 1466 2192 aut
1519 2128 1584 2190 in
1644 2126 1862 2192 lenatu
1915 2124 2167 2211 copiose
2220 2124 2441 2209 loqui,
2490 2136 2716 2187 tamen
2788 2120 2943 2186 huic
3014 2120 3129 2207 ipsi
3184 2122 3396 2187 multa
3445 2120 3685 2187 tribuat
3728 2176 3747 2205 ‚
3821 2126 3891 2192 ὃς
3948 2146 4103 2191 con.

1117 2230 1302 2294 cedat
1357 2226 1600 2292 necefl'e
1650 2225 1775 2291 est.
1831 2231 2064 2313 Neque
2112 2226 2298 2290 enim
2350 2223 2483 2290 fine
2536 2223 2755 2289 multa
2806 2221 3315 2309 pertractatione
3370 2224 3674 2287 omnium
3730 2246 3963 2291 rerum
3986 2248 4105 2312 pu..

1117 2326 1438 2395 blicarum
1492 2344 1636 2418 (23
1669 2336 1695 2413 )
1733 2378 1754 2409 ,
1805 2347 2018 2415 neque
2069 2324 2203 2391 fine
2253 2324 2486 2411 legum
2524 2376 2547 2408 ,
2598 2344 2907 2407 morum,
2979 2324 3145 2401 juris
3198 2322 3459 2388 scientia
3498 2376 3517 2407 ‚
3594 2346 3804 2415 neque
3860 2346 4107 2397 natura.

1111 2429 1468 2497 hominum
1521 2429 1904 2513 incognita,
1960 2448 2035 2492 ac
2088 2423 2381 2489 moribus
2416 2476 2435 2508 ,
2502 2424 2569 2488 in
2622 2424 2723 2488 his
2796 2422 2945 2508 ipsis
3017 2423 3199 2490 rebus
3278 2423 3424 2490 satis
3478 2424 3712 2492 callide
3792 2427 4029 2494 versari
4082 2480 4107 2515 ,

1122 2532 1194 2598 ὃ(
1250 2535 1448 2614 perite
1504 2532 1708 2611 potest
1746 2572 1762 2588 .
1839 2526 1973 2607 Qi
2029 2540 2253 2589 autem
2305 2522 2443 2588 haec
2508 2523 2949 2609 cognoverit,
3021 2523 3153 2589 fine
3220 2524 3454 2613 quibus
3526 2547 3607 2591 ne
3659 2528 3781 2595 illa
3833 2529 4109 2617 quidem

1111 2628 1392 2695 minima
1444 2625 1512 2688 in
1562 2624 1768 2690 caufis
1820 2620 2168 2709 quisquam
2238 2621 2412 2690 reste
2481 2626 2647 2689 tueri
2702 2621 2900 2711 potest
2940 2675 2959 2708 ‚
3029 2624 3184 2713 quid
3252 2628 3409 2693 huic
3460 2623 3661 2694 abeffe
3732 2632 3972 2716 poterit
4022 2630 4109 2697 de

1117 2728 1569 2794 maximarum
1624 2744 1845 2791 rerum
1902 2723 2229 2788 scientia?
2284 2723 2397 2788 Sin
2449 2728 2727 2792 oratoris
2780 2725 2947 2788 nihil
3002 2728 3104 2790 vis
3153 2726 3315 2809 effe,
3367 2727 3481 2792 nili
3535 2733 3888 2815 compofite
3930 2784 3949 2815 ‚
4000 2753 4111 2797 or-

1119 2845 1313 2913 nate,
1365 2823 1616 2913 copiose
1662 2824 1937 2911 eloqui:
2013 2845 2229 2911 quaero
2298 2821 2363 2889 id
2414 2822 2633 2910 ipsum
2686 2826 2800 2913 qui
2856 2820 3038 2910 posfit
3089 2826 3327 2912 affequi
3400 2825 3531 2889 line
3604 2849 3679 2893 ea
3756 2828 4031 2897 scientia
4087 2883 4113 2915 ,

1096 2950 1324 3018 ›quam
1373 2927 1431 2992 ei
1483 2946 1618 2991 non
1669 2924 2034 2993 conceditis
2075 2928 2108 2987 ?
2164 2921 2449 2990 Dicendi
2500 2925 2679 2990 enim
2731 2924 2939 2991 virtus
2977 2975 3000 3010 ‚
3055 2923 3175 2993 nifi
3227 2927 3287 2991 ei
3330 2976 3350 3008 ‚
3419 2925 3531 3011 qui
3590 2924 3747 2989 dicit
3785 2977 3805 3011 ‚
3853 2946 3972 3013 ea,
4022 2930 4117 2998 de

1122 3028 1358 3117 quibus
1409 3025 1610 3111 dicit,
1659 3044 1964 3112 percepta
2017 3024 2181 3111 fint,
2229 3026 2482 3092 exstare
2530 3046 2673 3093 non
2726 3022 2969 3111 potest.

1228 3124 1718 3218 Quamobrem,
1772 3126 1820 3194 fi
1869 3142 2101 3200 ornate
2153 3126 2415 3199 locutus
2466 3124 2598 3218 est,
2647 3126 2810 3196 ficut
2863 3124 3118 3214 fertur,
3172 3127 3243 3196 &
3300 3123 3466 3194 mihi
3524 3125 3829 3211 videtur,
3880 3124 4113 3212 phyfi-

3877 3247 4001 3296 cus

1137 3504 4099 3529 w-

1195 3635 1354 3697 (20)
1397 3636 1747 3702 Peripatetici
1799 3633 2076 3688 Pritolaus
2127 3632 2199 3700 ὁ·
2236 3633 2548 3700 Diodorus)

1127 3703 1215 3758 Ita
1251 3701 1460 3768 vulgati
1495 3719 1714 3756 omnes.
1753 3703 1855 3758 Sed
1879 3742 1895 3765 ,
1940 3703 2287 3772 Peripatetici
2311 3706 2548 3762 Pritolai

1121 3770 1393 3828 Diodorus
1426 3809 1445 3834 ,
1497 3768 1574 3827 est
1626 3769 1788 3826 leetio
1841 3768 1974 3827 Mss.
2025 3775 2253 3829 duorum
2306 3775 2438 3830 Pall.
2492 3781 2549 3831 δε

1121 3841 1292 3898 trium
1326 3839 1652 3903 Gulielmii,
1691 3859 1793 3896 nec
1827 3860 1942 3897 non
1960 3841 2552 3914 Joan.,Mag.&Harl.

1123 3913 1351 3970 duorum
1382 3932 1396 3966 x
1456 3909 1785 3982 testaturque
1822 3913 2026 3968 Cicero
2061 3911 2130 3968 de
2166 3916 2291 3970 Fin.
2327 3911 2366 3970 l.
2413 3931 2466 3984 5.
2503 3935 2551 3971 c.

1125 4004 1184 4054 5.
1217 3983 1511 4037 Diodorum
1566 3977 1723 4037 fuisse
1759 3982 2064 4040 auditorem
2106 3985 2371 4042 Critolai.
2410 3989 2549 4043 Por-

1121 4075 1222 4117 ro,
1259 4072 1318 4109 ea
1353 4071 1694 4121 argumenta,
1773 4053 1922 4110 uibus
1958 4055 2189 4127 probavi
2211 4056 2554 4114 Carneadem

1121 4123 1188 4182 ad
1239 4121 1580 4196 Quaesturam
1613 4125 1791 4180 Cralt
1842 4145 1958 4180 non
2001 4123 2201 4184 vixisse
2233 4168 2251 4192 ,
2290 4125 2413 4183 satis
2450 4128 2555 4184 do-

1119 4193 1320 4252 cebunt
1357 4213 1428 4252 ne
1466 4195 1788 4251 Critolaum
1823 4195 2043 4267 quidem
2081 4198 2140 4252 in
2171 4197 2349 4256 Craffi
2388 4201 2555 4271 Quae-

1116 4265 1257 4326 stura
1299 4262 1562 4337 viguisses
1600 4265 1748 4338 quod
1789 4285 1966 4323 tamen
2019 4285 2134 4338 prae
2188 4267 2243 4325 se
2280 4267 2385 4327 fert
2426 4271 2553 4328 vul-

1114 4357 1232 4410 gata
1267 4338 1465 4404 lectio,
1503 4345 1574 4406 6·
1612 4341 1962 4409 Peripatetici
1999 4340 2283 4397 Critolaus
2328 4340 2399 4408 ό·
2428 4344 2557 4398 Deo-

1114 4411 1276 4467 dorus
1294 4449 1310 4467 .
1347 4413 1528 4468 Pearc.

1125 4550 1137 4560 .
1191 4485 1349 4544 (at)
1386 4484 1694 4558 Gorgiam)
1729 4482 1962 4554 Gorgias
1999 4482 2246 4542 Platonis
2277 4482 2519 4556 dialogus
2542 4525 2557 4549 .

1121 4571 1184 4609 m
1223 4569 1331 4620 quo
1385 4569 1654 4607 rationem
1692 4554 1879 4611 edocet
1910 4596 1928 4620 ,
1984 4573 2085 4626 qua
2139 4553 2327 4614 futiles
2364 4556 2559 4614 rheto-

1121 4639 1242 4702 rum
1293 4617 1654 4691 sophistarum
1719 4629 1937 4696 argutiae
1997 4624 2313 4684 refellantur
2344 4667 2359 4682 .
2420 4630 2556 4684 Tul-

1121 4693 1225 4752 lius
1263 4689 1458 4750 fiveex
1486 4689 1616 4768 sua,
1660 4691 1771 4751 sive
1809 4717 1876 4754 ex
1908 4695 2086 4754 Craffi
2124 4696 2394 4756 sententia
2435 4719 2552 4756 non

1118 4765 1266 4822 reste
1314 4761 1526 4822 censuit
1578 4781 1635 4819 :n
1675 4765 1776 4823 illo
1812 4767 2026 4837 dialogo
2077 4767 2318 4824 derideri
2370 4789 2555 4826 orato-

1117 4856 1202 4897 res
1235 4876 1252 4892 .
1305 4837 1444 4896 Non
1495 4853 1682 4892 veram
1738 4837 2066 4896 rhetorxcam
2096 4882 2113 4905 ,
2169 4836 2262 4895 scd
2300 4841 2557 4898 adulteri-

1113 4926 1246 4989 nam
1283 4925 1530 4974 tantum,
1563 4925 1622 4966 ut
1658 4909 1832 4966 cuivis
1885 4911 2090 4982 legenti
2127 4929 2276 4981 patet
2303 4953 2321 4977 ‚
2373 4913 2555 4970 tradu-

1115 4999 1226 5040 cit.
1261 4987 1458 5058 Neque
1513 4999 1650 5041 vero
1700 5001 1893 5054 paucos
1951 4983 2174 5042 induxit
2211 4985 2269 5040 in
2309 5003 2551 5042 errorem

1112 5051 1208 5112 hic
1244 5056 1484 5132 dialogus
1511 5099 1532 5128 ‚
1583 5077 1644 5120 ut
1693 5055 2015 5118 observavit
2067 5055 2409 5133 Quintilian.
2447 5057 2543 5118 hb.

2157 5227 2199 5275 d

2656 3653 2738 3691 rr.
2777 3651 2892 3704 cap.
2919 3649 3001 3699 ις.
3038 3632 3334 3707 Plerique,
3373 3629 3593 3702 inquit,
3630 3631 3769 3684 dum
3800 3639 3981 3700 pauca
4018 3643 4097 3678 ex

2650 3709 2857 3775 Gorgia
2906 3704 3166 3761 Platonis
3220 3723 3259 3758 a
3304 3703 3572 3774 prioribus
3608 3706 3863 3771 imperite
3912 3715 4105 3777 excer-

2640 3785 2747 3846 pta
2784 3776 2959 3843 legere
2996 3779 3279 3839 contenti,
3315 3791 3489 3848 neque
3525 3773 3653 3828 alia
3690 3779 3807 3838 ejus
3844 3768 4103 3848 volurm-

2652 3863 2733 3900 κα
2769 3846 3047 3902 evolvunt
3070 3887 3086 3908 ‚
3118 3849 3179 3898 in
3218 3851 3543 3901 maximum
3598 3861 3828 3900 errorem
3888 3837 4101 3894 merdo-

2651 3932 2822 3972 rtcnt:
2882 3917 3219 3990 creduntque
3273 3936 3397 3971 eum
3436 3935 3498 3971 m
3534 3915 3639 3971 hac
3691 3911 3782 3984 effe
3816 3915 4103 3972 opinione,

2654 4003 2725 4044 ut
2746 3987 3075 4044 rhetoricam
3114 4003 3222 4042 nm
3242 4003 3456 4053 artem,
3484 3985 3586 4058 sed
3652 3989 3879 4042 critiam
3910 3999 4107 4056 quan-

2644 4056 2791 4200 fiam
2820 4063 3013 4128 gratia
3050 4077 3119 4114 at
3155 4060 3466 4131 voluptatis
3488 3997 3761 4126 exislimet
3779 4094 3798 4119 ,
3834 4059 3941 4110 &c.
3958 4061 4109 4108 Pru-

2704 4149 2798 4186 σω
2820 4169 2837 4184 .

2731 4207 2896 4267 (22)
2951 4205 3099 4260 Verbi
3135 4199 3497 4275 controversia
3532 4204 3559 4263 )
3598 4192 3836 4255 Maximo
3872 4211 4115 4272 ammo-

2658 4289 2776 4329 rum
2830 4271 2959 4329 aestu
3011 4274 3359 4332 contendunt
3410 4277 3558 4330 inter
3610 4267 3666 4326 se
3718 4269 3943 4346 (ἂι-κει,
3982 4283 4117 4343 quis

2656 4362 2839 4400 orator
2895 4343 3156 4404 dicendus
3210 4345 3278 4403 fit
3315 4387 3332 4412 ,
3382 4365 3451 4402 an
3508 4343 3605 4401 ille
3654 4357 3755 4421 qut
3792 4355 4003 4394 tantum
4044 4354 4113 4412 ιρι

2662 4414 2823 4472 causis
2860 4413 3159 4475 forenfibus
3215 4417 3389 4474 valeat
3416 4457 3435 4482 ,
3470 4433 3539 4473 an
3577 4431 3671 4486 qut
3706 4408 3775 4468 de
3828 4429 3889 4468 re
3924 4406 4113 4480 quali·-

2662 4486 2753 4543 bet
2788 4504 2983 4544 ornate
3020 4485 3182 4556 poffit
3220 4488 3440 4546 dicere.
3479 4488 3665 4545 Idem.

2734 4562 2763 4620 (
2788 4577 2853 4630 23
2874 4566 2902 4623 )
2940 4564 3208 4615 Omnium
3247 4559 3797 4630 rerumpublicarum
3820 4561 3849 4621 3
3885 4553 3957 4610 In
3980 4547 4115 4607 vul-

2657 4631 2789 4703 gatis
2827 4629 2944 4685 duae
2981 4631 3265 4700 postremae
3306 4651 3465 4689 voces
3483 4631 3623 4688 male
3652 4637 4065 4700 conjunguntur
4088 4640 4112 4675 ε

2660 4718 2835 4771 neque
2871 4699 3021 4755 enim
3062 4698 3275 4758 necesse
3308 4703 3424 4768 est,
3462 4719 3523 4758 ut
3561 4702 3605 4758 is
3640 4717 3845 4766 omnes,
3878 4689 4115 4763 Respu-

2660 4773 2819 4828 blicas
2854 4769 3141 4840 cognoscat
3184 4813 3202 4837 ,
3246 4775 3339 4845 qui
3378 4779 3679 4835 Romanam
3720 4771 3855 4830 velit
3888 4783 4119 4834 cogno·

2656 4842 2800 4900 scere
2834 4864 2848 4897 ε
2894 4839 3103 4899 necesse
3139 4843 3219 4900 est
3255 4861 3431 4902 autem
3467 4887 3485 4912 ‚
3538 4865 3600 4903 ut
3637 4844 3875 4919 publicas
3912 4853 4000 4894 res
4038 4855 4115 4914 q-

2652 4932 2805 4995 mnes
2842 4913 3085 4972 Romani
3124 4913 3348 4989 imperii
3383 4914 3548 4984 sciat,
3584 4917 3679 4991 qui
3717 4915 3787 4975 de
3822 4931 3893 4970 eo
3926 4907 4125 4968 aduu-

2656 4983 2942 5045 mstrando
2979 4985 3220 5046 dldturus
3257 4987 3335 5046 est
3358 5029 3374 5048 .
3404 4995 3702 5048 Pearcius.
