4359 6321
1249 418 1424 551 17'6
1921 422 3242 523 DEoRATORE

1118 558 1344 645 vabis,
1391 569 1510 639 ut,
1557 552 1605 622 fi
1655 550 1815 641 quid
1871 549 1949 618 ab
1983 545 2301 615 ,Antonio
2350 562 2465 613 aut
2516 534 3053 637 praetermiffum,
3108 563 3221 613 aut
3272 539 3587 613 reustum
3626 540 3744 632 fit,
3795 566 3939 621 non
3988 568 4101 621 ett-

1113 646 1367 749 plices:
1425 675 1640 745 neque
1676 707 1698 741 ,
1747 669 1810 720 te
1865 653 2120 719 Antoni
2161 704 2182 736 ,
2235 646 2279 713 fi
2334 648 2487 735 quid
2539 668 2674 713 non
2726 647 2972 716 dixeris
3012 699 3033 733 ‚
3078 647 3599 715 existimabimus
3655 666 3789 717 non
3842 656 4099 738 potniffe

1115 750 1367 850 potius,
1418 780 1621 846 quam
1674 778 1713 822 a
1762 754 1984 822 Crasso
2034 750 2166 819 dici
2220 748 2548 816 maluisse.
3444 753 3477 781 ⁹
4060 818 4067 827 .
4136 765 4143 777 ·

1217 862 1347 928 Hic
1400 859 1658 929 Crassus
1696 880 1718 918 .·
1797 857 1980 941 Quin
2036 868 2106 917 tu
2145 906 2164 937 ,
2221 852 2431 938 inquit
2473 902 2495 933 ‚
2552 850 2807 915 Antoni
2850 902 2873 935 ,
2922 852 3168 916 omittis
3223 848 3338 915 ista
3380 900 3398 933 ,
3454 872 3597 941 quae
3646 850 4020 941 proposuisti
4070 910 4093 945 ,

1115 988 1255 1054 quae
1313 982 1507 1031 nemo
1558 962 1794 1029 horum
1847 955 2158 1023 desiderat
2202 976 2225 1013 .·
2290 950 2522 1041 quibus
2571 970 2653 1013 ex
2710 950 2871 1016 locis
2921 972 2995 1017 ea
3039 1003 3059 1036 ,
3128 973 3269 1039 qua:
3324 950 3597 1017 dicenda
3652 954 3775 1018 sint
3828 956 3898 1020 in
3946 978 4089 1023 cau-

1120 1068 1201 1135 fis
1241 1040 1722 1149 ,⁴reperiantur
1765 1108 1777 1121 .
1838 1062 2001 1141 Quae
2052 1074 2434 1143 quanquam
2488 1049 2599 1116 abs
2654 1065 2715 1117 te
2766 1074 2944 1116 novo
2998 1050 3290 1142 quodam
3344 1051 3547 1119 modo
3594 1106 3614 1139 ,
3668 1055 4090 1146 praeclareque

1115 1168 1422 1231 dicuntur
1465 1216 1483 1249 ,
1537 1160 1685 1227 sunt
1737 1176 1958 1224 tamen
2016 1158 2084 1223 &
2143 1178 2211 1219 re
2268 1155 2565 1219 faciliora
2610 1203 2628 1235 ,
2689 1154 2757 1219 &
2822 1153 3153 1242 praeceptis
3211 1171 3622 1243 pervagata:
3700 1156 3816 1221 illa
3868 1158 4087 1245 depro-

1109 1284 1219 1333 me
1271 1260 1502 1348 nobis,
1553 1262 1729 1328 unde
1787 1256 2013 1324 afferas
2067 1279 2207 1343 quae
2267 1254 2593 1342 saepissime
2644 1256 2919 1340 trac'taS,
2977 1254 3359 1345 semperque
3418 1256 3731 1326 divinitus
3762 1289 3776 1305 ·

1209 1366 1617 1451 Depromam
1671 1358 1982 1449 equidem
2023 1408 2044 1441 ,
2095 1356 2309 1447 iuquit
2362 1357 2695 1421 Antonius
2752 1410 2771 1441 ,
2830 1360 2898 1424 &
2956 1379 3088 1445 quo
3146 1356 3409 1423 facilius
3462 1354 3524 1422 id
3575 1380 3611 1425 a
3667 1374 3729 1426 te
3788 1362 4086 1451 exigam,

1107 1462 1282 1557 quod
1337 1482 1484 1551 peto
1522 1518 1542 1550 ,
1615 1462 1784 1540 nihil
1842 1458 1950 1524 tibi
2005 1479 2041 1523 a
2093 1480 2201 1525 me
2254 1458 2610 1545 postulanti
2686 1456 2999 1525 recusabo
3034 1507 3049 1522 .
3106 1461 3271 1525 Meae
3324 1460 3523 1525 totius
3573 1461 3886 1529 orationis
3934 1516 3951 1549 ‚
4018 1467 4085 1533 &

1106 1569 1287 1637 istius
1340 1565 1536 1651 ipsius
1587 1564 1658 1631 in
1713 1559 1984 1627 dicendo
2039 1560 2413 1646 facultatiS,
2488 1578 2691 1648 quam
2744 1563 2943 1627 modo
2994 1563 3251 1628 Craffus
3303 1560 3367 1624 in
3421 1562 3662 1628 cazlum
3718 1560 3930 1631 verbis
3982 1585 4086 1630 ex-

1105 1669 1298 1751 tulit,
1353 1684 1478 1733 tres
1537 1664 1686 1735 sunt
1735 1666 2039 1746 rationes,
2091 1682 2160 1727 ut
2220 1680 2369 1728 ante
2421 1661 2600 1747 dixi,
2656 1683 2787 1729 una
2846 1662 3418 1731 conciliandorum
3468 1663 3816 1730 hominum
3859 1718 3880 1751 ,
3936 1666 4089 1731 alte-

1109 1791 1185 1835 ra
1237 1768 1735 1853 docendorum,
1785 1765 1972 1831 tertia
2025 1764 2607 1833 concitandorum.
2672 1768 2936 1833 Harum
2990 1768 3199 1832 trium
3250 1764 3537 1853 partium
3594 1768 3805 1854 prima
3860 1764 4091 1833 lenita.

1110 1872 1268 1937 tem*
1301 1866 1646 1953 orationis,
1705 1864 1988 1938 secunda
2037 1886 2358 1950 acumen,
2408 1868 2600 1930 tertia
2656 1867 2798 1933 vim
2846 1865 3197 1934 defiderat.
3253 1869 3435 1933 Nam
3486 1866 3609 1933 hoc
3666 1868 3909 1935 neceffe
3956 1865 4085 1958 est,

1107 1989 1182 2037 ut
1233 1972 1288 2035 is
1327 2024 1345 2054 ,
1397 1974 1513 2061 qui
1567 1972 1752 2035 nobis
1804 1966 2069 2035 causam
2131 1967 2622 2044 adjudicaturus
2678 1966 2751 2032 fit
2794 2019 2814 2052 ,
2868 1982 2981 2033 aut
3036 1968 3467 2039 inclinatIOne
3518 1968 3895 2035 voluntatis
3944 1990 4083 2057 pro-

1109 2070 1382 2159 pendeat
1436 2074 1502 2135 in
1559 2094 1717 2155 nos,
1770 2088 1881 2135 aut
1937 2066 2329 2133 defensionis
2384 2070 2800 2155 argumentis
2854 2070 3214 2137 adducatur
3254 2123 3272 2155 ,
3324 2084 3435 2137 aut
3484 2072 3691 2137 animi
3750 2072 4082 2157 permotio·

1105 2193 1192 2239 ne
1241 2190 1514 2260 cogatur
1575 2222 1600 2241 .
1645 2174 1765 2238 Sed
1817 2172 2134 2260 quoniam
2190 2171 2309 2236 illa
2364 2189 2513 2257 pars
2550 2222 2571 2253 ,
2642 2170 2711 2235 in
2766 2192 2897 2261 qua
2946 2193 3177 2239 rerum
3248 2171 3538 2257 ipsarum
3610 2175 3961 2258 explicatio
4009 2194 4080 2241 ac

1106 2273 1395 2341 defeulio
1447 2274 1644 2359 polita
1699 2270 1849 2357 est',
1926 2269 2179 2337 videtur
2232 2290 2510 2337 omnem
2559 2270 2764 2349 hujus
2814 2274 3081 2362 generis
3132 2273 3309 2363 quali
3366 2271 3735 2341 dominam
3784 2276 4069 2343 contine-

1109 2396 1221 2460 re,
1267 2378 1468 2450 deca
1521 2378 1812 2463 primum
1867 2372 2215 2460 loquemur
2254 2425 2277 2459 ,
2348 2374 2417 2443 &
2479 2393 2687 2462 pauca
2736 2374 3029 2442 dicemus
3070 2426 3085 2443 .
3159 2376 3373 2442 Pauca
3424 2375 3609 2441 enim
3664 2374 3815 2445 sunt
3856 2430 3877 2465 ,
3947 2397 4083 2466 quae

1109 2476 1231 2543 usu
1289 2478 1422 2553 iam
1473 2477 1748 2542 trattata
1787 2526 1806 2561 ,
1860 2476 1928 2541 δε
1987 2477 2215 2541 animo
2268 2474 2449 2563 quafi
2502 2473 2737 2540 habere
2788 2494 3012 2545 notata
3066 2477 3445 2546 videamur.

1149 2618 1155 2625 -
1209 2578 1423 2643 XXX.
1481 2583 1581 2643 Ac
1634 2574 1744 2642 tibi
1801 2574 2116 2661 sapienter
2169 2577 2520 2662 monenti,
2578 2580 2885 2655 L.Craffe
2926 2632 2946 2664 ,
3000 2579 3279 2648 libenter
3340 2581 3790 2668 assentiemur,
3835 2596 3908 2650 ut
3958 2578 4085 2649 fiu-

1103 2679 1426 2767 gularum
1477 2678 1825 2745 causarum
1877 2676 2285 2744 defensiones
2327 2730 2347 2763 ,
2399 2697 2565 2767 quas
2619 2678 2823 2744 solent
2880 2682 3175 2767 magistri
3224 2684 3441 2767 pueris
3498 2682 3754 2749 tradere
3796 2736 3817 2766 ‚
3890 2682 4083 2751 relin-

1103 2802 1390 2869 quamus
1429 2802 1450 2839 .·
1509 2782 1877 2868 aperiamus
1931 2796 2153 2847 autem
2210 2800 2287 2846 ea
2340 2782 2553 2869 capita
2588 2832 2608 2864 ,
2664 2780 2833 2849 unde
2884 2780 3097 2846 omnis
3146 2782 3228 2843 ad
3282 2798 3556 2846 omnem
3615 2784 3681 2849 ὅ(
3742 2784 4007 2852 causam
4068 2838 4088 2869 ,

1107 2884 1182 2949 δε
1236 2883 1598 2949 oratione-m
1652 2880 1998 2968 disputatio
2049 2881 2317 2951 ducitur
2354 2928 2373 2947 .
2446 2886 2672 2967 Neque
2722 2884 2899 2947 enim
2939 2933 2958 2964 ,
3027 2881 3282 2968 quoties
3340 2879 3619 2946 verbum
3672 2881 3941 2968 aliquod
3995 2884 4090 2951 est

1105 2979 1526 3051 scribendum
1579 2982 1802 3068 nobiS,
1851 2984 2038 3049 toties
2087 2986 2229 3063 ejus
2280 2980 2465 3049 verbi
2503 2982 2699 3049 literae
2742 2980 2891 3047 sunt
2942 2981 3336 3071 cogitatione
3389 2981 3900 3072 conquirendae:
3958 3006 4091 3053 nec

1105 3085 1607 3172 quotiescausa
1660 3083 1932 3152 dicenda
1983 3084 2075 3151 est
2130 3141 2150 3174 ,
2218 3084 2408 3151 toties
2460 3082 2540 3149 ad
2590 3084 2731 3163 ejus
2782 3080 2992 3150 causae
3048 3081 3311 3172 sepofita
3363 3099 3755 3174 argumenta.
3828 3083 4089 3153 revolvi

1097 3206 1220 3253 nos
1267 3207 1520 3276 oportet
1565 3215 1580 3254 :
1658 3186 1761 3254 sed
1815 3184 2045 3254 habete
2102 3205 2313 3256 certos
2369 3187 2549 3254 locos
2586 3238 2607 3268 ,
2678 3186 2791 3275 qui
2834 3239 2853 3268 ,
2922 3202 2995 3252 ut
3047 3186 3247 3252 literae
3316 3187 3400 3250 ad
3454 3185 3731 3258 verbum
3804 3187 4085 3256 scriben-

1099 3287 1300 3373 dum,
1353 3292 1438 3358 fic
1493 3291 1589 3356 illi
1642 3289 1722 3356 ad
1777 3288 2048 3358 causam
2098 3287 2607 3379 explicandam,
2662 3287 2877 3354 statim
2929 3303 3317 3355 occurrant.

1198 3390 1324 3456 Sed
1375 3393 1446 3460 hi
1499 3393 1624 3462 loci
1677 3393 1736 3458 ei
1795 3392 2062 3462 demum
2117 3391 2359 3458 oratori
2412 3389 2693 3479 prodesse
2748 3391 3040 3476 poffunt,
3090 3393 3202 3479 qui
3252 3389 3345 3455 est
3398 3389 3683 3457 versatus
3736 3390 3803 3456 in
3846 3388 4089 3478 rebuS,

1097 3491 1204 3556 vel
1263 3490 1428 3577 usu,
1477 3514 1674 3580 quem
1729 3510 1880 3558 aetas
1935 3495 2213 3580 denique
2266 3491 2453 3560 affert
2472 3517 2498 3578 ‚·
2558 3490 2663 3558 vel
2716 3491 3084 3576 auditione,
3140 3495 3211 3560 &
3255 3493 3688 3580 cogitatione,
3743 3513 3883 3580 quae
3940 3491 4085 3556 stu-

1089 3587 1200 3651 dio
1254 3590 1323 3653 &
1382 3591 1716 3678 diligentia
1768 3597 2104 3676 praecurrit
2153 3609 2411 3660 aetatem
2466 3641 2481 3658 .
2554 3597 2729 3660 Nam
2782 3594 2829 3659 fi
2884 3607 2954 3658 tu
3010 3593 3171 3659 mihi
3223 3597 3526 3683 quamvis
3578 3595 3905 3666 eruditum
3958 3593 4092 3658 ho-

1090 3685 1346 3753 minem
1401 3688 1750 3756 adduxeris
1791 3745 1808 3776 ,
1881 3694 2191 3778 quamvis
2262 3713 2481 3759 acrem
2557 3696 2629 3759 δε
2684 3711 2954 3760 acutum
3011 3695 3080 3760 in
3132 3698 3485 3784 cogitando
3527 3749 3547 3782 ,
3618 3695 3923 3786 quamvis
3996 3694 4093 3758 ad

1093 3788 1652 3874 pronuntiandum
1703 3791 2084 3878 expeditum
2137 3845 2160 3876 ,
2212 3791 2259 3856 fi
2312 3792 2435 3857 erit
2489 3789 2664 3856 idem
2716 3793 2783 3856 in
2833 3793 3303 3864 consuetudine
3356 3798 3685 3885 civitatiS,
3737 3799 3805 3864 in
3856 3815 4092 3864 exem-

1089 3888 1213 3974 plis
1255 3938 1274 3971 ‚
1327 3889 1396 3952 in
1449 3890 1757 3958 institutis
1795 3943 1815 3975 ,
1866 3892 1932 3960 in
1985 3890 2284 3959 moribus
2336 3912 2413 3958 ac
2468 3891 2912 3962 voluntatibus
2971 3899 3221 3970 civium
3278 3899 3544 3966 suorum
3598 3899 3826 3986 hospes
3867 3952 3888 3983 ,
3940 3919 4092 3963 non

1086 3988 1377 4054 multum
1428 3994 1488 4057 ei
1543 3991 1672 4078 loci
1717 3989 2075 4080 proderunt
2124 3993 2265 4077 illi,
2317 4017 2399 4062 ex
2452 3991 2688 4084 quibus
2745 4018 3146 4088 argumenta
3199 4017 3637 4088 promuntur.
3692 4011 3856 4086 (44)
3911 3999 4097 4064 Sub-

1090 4089 1236 4156 ειᾶο
1289 4090 1451 4156 mihi
1505 4092 1774 4182 ingenio
1827 4115 1989 4180 opus
2041 4094 2171 4181 est,
2224 4114 2297 4161 ut
2348 4117 2510 4184 agro
2562 4121 2693 4166 non
2750 4099 2949 4168 semel
3006 4119 3189 4168 arato
3226 4154 3245 4186 ,
3300 4099 3405 4167 sed
3461 4112 3707 4164 novato
3744 4151 3768 4182 ,
3822 4097 3894 4164 δε
3956 4099 4096 4168 ite-

1089 4205 1232 4264 rato
1267 4243 1288 4274 ‚
1360 4214 1495 4278 quo
1544 4195 1853 4262 meliores
1927 4197 2132 4263 foetus
2188 4199 2365 4287 possit
2439 4201 2506 4267 &
2566 4201 2957 4289 grandiores
3008 4203 3195 4270 edere
3236 4249 3252 4268 .
3325 4197 3625 4268 Subafflo
3698 4215 3927 4266 autem
3980 4203 4095 4268 est

1083 4289 1284 4377 usus,
1333 4291 1620 4382 auditio,
1672 4296 1910 4383 leffin,
1962 4299 2202 4366 literae.

1185 4397 1293 4460 Ac
1345 4398 1639 4482 primum
1689 4398 1995 4466 naturam
2046 4399 2252 4468 causae
2316 4401 2525 4470 videat
2582 4458 2600 4491 ,
2652 4430 2794 4496 quae
2847 4424 3191 4496 nunquam
3242 4404 3403 4470 latet
3435 4451 3454 4470 .
3512 4402 3879 4472 Fac'tumne
3934 4403 4015 4472 fit
4064 4459 4093 4490 ‚

1343 4531 1348 4534 ·
3794 4529 3966 4598 qua*—

1093 4720 4069 4804 mmmm—*-

1137 4896 1252 4964 (44
1279 4899 1310 4953 )
1347 4889 1613 4956 ςκόαασ)
1648 4890 1955 4950 Translatio
1991 4892 2144 4953 duaa
2179 4895 2243 4952 ab
2278 4896 2511 4966 agricul—
2612 4900 2790 4960 diores
2830 4901 3030 4963 fructus
3064 4903 3293 4968 afferre:
3338 4909 3409 4968 its
3446 4907 3815 4982 perdomitum
3870 4908 3928 4960 &
3968 4925 4093 4963 ex-

1063 4977 1215 5018 tura.
1258 4965 1348 5042 Ut
1383 4980 1506 5034 ager
1529 4977 1659 5043 ‘non
1699 4963 1862 5022 semel
1903 4984 2120 5046 aratus,
2179 4965 2269 5024 sed
2312 4987 2507 5028 iterum
2610 4971 2813 5051 cultum
2850 4975 3137 5046 ingenium
3172 4986 3229 5039 ὃ(
3267 4982 3423 5056 plura
3459 4987 3534 5042 δυ
3568 4979 3790 5041 meliora
3828 4979 4082 5050 sprodu-

1046 5047 1102 5087 ac
1141 5051 1308 5092 tertio
1362 5033 1656 5110 proscissus
1712 5037 1892 5112 potest
1956 5039 2208 5100 meliores
2246 5047 2302 5098 δ(
2343 5059 2504 5112 gran·
2610 5063 2722 5118 cit-0
2769 5049 3052 5119 Prustem.
