4359 6321
826 424 1525 521 -LJBER
1652 353 2596 533 Taurus-s.
2979 476 3152 565 271

236 547 573 646 gationis
620 544 859 617 nostrat.
896 598 920 634 ,
988 568 1204 638 neque
1256 546 1680 619 librariorum
1730 554 1907 621 notis
1950 603 1977 639 ,
2040 546 2151 621 sed
2207 556 2564 629 verborum
2643 562 2714 631 δε
2788 560 3272 641 sententiarum

224 652 526 740 modo,
576 648 1027 740 interpunstas
1074 648 1419 719 clausulas
1471 653 1541 719 in
1596 652 2017 723 orationibus
2070 656 2198 726 esse
2245 660 2656 739 voluerunt:
2711 663 2909 759 idque
2955 669 3266 759 princeps

220 754 595 825 Isocrates
644 748 973 821 instituisse
1044 750 1253 821 fertur
1296 802 1321 841 ,
1380 766 1461 819 ut
1524 754 1937 829 inconditam
2008 760 2437 849 antiquorum
2499 762 2766 836 dicendi
2841 765 3270 839 consuetudi-

220 874 419 926 nem
446 906 481 944 ‚
524 853 1027 939 delestationis‚
1079 868 1279 945 atque
1332 854 1611 925 aurium.
1648 857 1848 928 causa
1896 868 1925 948 (
1980 859 2550 949 quemadmodum
2599 865 2819 939 scribit
2896 864 3268 960 discipulus

212 960 389 1039 ejus
457 956 881 1046 Naucrates)
930 959 1233 1025 numeris
1284 955 1751 1049 adstringeret.
1806 964 2115 1051 Namque
2162 962 2301 1033 haec
2356 964 2492 1035 duo
2519 1022 2540 1057 ,
2589 973 2864 1061 musici,
2913 974 3028 1065 qui
3066 992 3260 1043 erant

216 1060 613 1153 quondam
658 1060 868 1127 iidem
918 1072 1119 1147 poetae
1157 1111 1179 1146 ,
1249 1054 1611 1128 machinati
1658 1062 1747 1129 ad
1802 1062 2218 1151 voluptatem
2270 1063 2463 1153 sunt,
2531 1069 2798 1150 versum
2850 1093 3048 1166 atque
3095 1096 3258 1145 can-

214 1178 391 1231 tum
440 1189 477 1251 ‚-
530 1178 611 1232 ut
662 1164 737 1232 δε
794 1158 1153 1229 verborum
1224 1179 1511 1230 numero
1541 1212 1573 1249 .‚
1643 1164 1714 1233 &
1772 1183 2023 1233 vocum
2074 1168 2276 1235 modo
2313 1218 2333 1251 ‚
2403 1167 2846 1255 deleEtatione
2915 1178 3258 1245 vincerent

216 1266 537 1333 aurium
592 1262 991 1332 satietatem.
1044 1264 1206 1331 Haec
1259 1264 1467 1353 igitur
1516 1260 1698 1350 duo,
1754 1268 1935 1333 vocis
1989 1266 2137 1333 dico
2189 1266 2752 1361 moderationem,
2803 1273 3263 1345 &verborum

226 1366 823 1449 conclusionem,
867 1360 1085 1453 quoad
1124 1366 1456 1434 orationis
1506 1362 1821 1436 severitas
1868 1366 2003 1455 pati
2050 1366 2234 1455 poffit
2279 1422 2305 1456 ,
2376 1388 2415 1435 a
2483 1374 2734 1458 poetica
2799 1374 2882 1441 ad
2932 1373 3262 1466 eloquen-

230 1468 445 1535 tiam
499 1464 912 1533 traducenda
962 1462 1345 1534 duxeruut.

285 1646 291 1651 ,
350 1572 463 1633 -In
510 1586 645 1657 quo
694 1564 863 1633 illud
915 1563 1011 1634 est
1060 1566 1167 1635 vel
1222 1568 1643 1657 maximum,
1689 1568 1866 1661 quod
1914 1566 2141 1638 versus
2189 1570 2265 1636 iu
2317 1570 2616 1639 oratione
2673 1570 2720 1638 fi
2767 1572 3052 1643 efficitur
3101 1598 3262 1645 con-

212 1666 607 1750 ”jun-stione
656 1664 1055 1753 verborum,
1105 1668 1344 1740 vitium
1392 1671 1529 1739 est:
1582 1674 1657 1743 δε
1709 1688 1940 1739 tamen
1996 1690 2147 1739 eam
2203 1670 2747 1747 conjunctionem
2787 1724 2810 1758 ,
2859 1674 3054 1743 ficuti
3115 1698 3262 1746 ver-

215 1769 455 1857 sum,
504 1768 851 1839 numerose
903 1770 1139 1837 cadere
1177 1822 1200 1858 ‚
1268 1775 1340 1843 &
1396 1772 1717 1863 quadrare
1754 1824 1779 1860 ,
1844 1776 1919 1845 &
1971 1771 2207 1861 perfici
2259 1771 2576 1842 volumus
2621 1822 2644 1839 .
2717 1778 2954 1864 Neque
3019 1774 3116 1843 est
3165 1796 3256 1847 ex

218 1872 505 1939 multis
554 1892 663 1939 res
712 1889 893 1957 una,
945 1892 1091 1961 quae
1138 1874 1357 1961 magis
1402 1891 1737 1942 oratorem
1787 1870 1869 1941 ab
1911 1874 2235 1963 imperito
2281 1874 2543 1943 dicendi
2599 1875 2963 1966 ignaroque
3027 1875 3252 1945 distin·

214 1988 423 2061 guat
452 2023 474 2058 ,
520 1990 725 2062 quam
776 1972 953 2062 quod
1004 1969 1122 2038 ille
1172 1974 1357 2041 rudis
1406 1974 1743 2043 incondite
1787 1974 2057 2061 fundit,
2103 1990 2441 2067 quantum
2494 1976 2739 2065 potest,
2791 1978 2863 2046 δε
2919 1974 3033 2062 id,
3079 1978 3258 2066 quod

212 2072 466 2157 dicit,
517 2071 791 2159 spiritu,
842 2094 973 2139 non
1027 2088 1221 2161 arte,
1284 2072 1685 2145 determinat
1726 2101 1749 2139 .-
1814 2092 2051 2144 -orator
2103 2089 2330 2143 autem
2401 2076 2492 2144 fic
2571 2076 2788 2166 illigat
2859 2075 3256 2147 sententiam

216 2170 519 2257 verbi3‚
569 2187 641 2239 ut
692 2192 845 2260 eam
896 2194 1173 2242 numero
1222 2176 1517 2266 quodam
1536 2160 2064 2267 complestatur,
2116 2178 2188 2246 ec
2243 2174 2592 2262 adfirmo,
2643 2179 2716 2247 ὅ(
2773 2174 3023 2247 soluto.
3078 2180 3258 2249 Nam

208 2294 411 2344 'cum
472 2273 695 2343 vinxit
746 2284 773 2362 (
818 2296 859 2343 a
902 2284 933 2359 )
984 2274 1201 2344 modis
1256 2279 1329 2347 δε
1389 2278 1667 2368 forma3
1736 2281 1995 2345 relaxat
2068 2285 2269 2365 (76)
2349 2281 2421 2349 &
2480 2276 2717 2345 liberat
2788 2279 3256 2348 immutatione

208 2374 545 2463 ordinis,
599 2390 675 2445 ut
726 2377 927 2445 verba
980 2398 1193 2467 neque
1244 2378 1525 2469 alligata
1576 2382 1703 2448 fint
1754 2379 1935 2469 quafi
1981 2394 2166 2448 certa
2209 2378 2442 2470 aliqua
2489 2380 2642 2469 lege
2689 2377 2924 2448 versus
2963 2431 2989 2469 ,
3037 2399 3252 2471 neque

227 2478 335 2547 ita
400 2476 627 2548 soluta
649 2530 678 2566 ,
720 2492 805 2544 ut
852 2497 1223 2569 vagentur..

334 2580 577 2646 XLV.
624 2584 945 2665 Qonam
988 2582 1203 2670 igitur
1255 2580 1453 2651 modo
1491 2596 1771 2650 tantum
1822 2592 1855 2673 ·(
1898 2580 1937 2647 b
1976 2588 2011 2665 )
2054 2600 2310 2661 munus
2355 2576 2742 2647 insistemus
2781 2628 2810 2665 ,
2853 2594 2936 2647 ut
2985 2577 3253 2649 arbitre-

206 2702 403 2750 mur
464 2700 589 2747 nos
639 2682 817 2748 hanc
874 2682 1013 2747 vim
1068 2683 1418 2749 numerose
1472 2682 1731 2750 dicendi
1783 2680 2094 2770 consequi
2147 2682 2376 2771 posse?
2429 2686 2586 2749 Non
2643 2678 2737 2747 est
2783 2699 2891 2748 res
2946 2697 3083 2747 tam
3131 2680 3257 2749 dif-

212 2780 495 2867 ficssiS,
548 2800 754 2871 quam
806 2780 1151 2847 necessaria
1190 2829 1207 2847 .
1281 2783 1473 2849 Nihil
1526 2783 1619 2849 est
1666 2782 1849 2850 enim
1901 2799 2041 2849 tam
2090 2798 2406 2853 tenerum
2445 2830 2474 2870 ,
2539 2802 2758 2870 neque
2801 2796 2945 2849 tam
3004 2780 3255 2849 flexibi-

210 2881 285 2951 le
312 2934 337 2969 ,
397 2900 625 2971 neque
666 2880 857 2981 quod
898 2896 1049 2948 tam
1102 2880 1301 2950 facile
1349 2882 1663 2973 sequatur
1700 2936 1727 2973 ,
1768 2902 2207 2974 'quocumque
2261 2882 2472 2953 ducas
2507 2934 2532 2968 ,
2583 2900 2796 2973 quam
2839 2883 3096 2951 oratio.
3149 2885 3255 2951 Ex

204 2984 353 3053 hac
416 2982 698 3073 versus,
746 3004 832 3053 ex
888 2982 1121 3051 eadem
1176 2982 1468 3073 dispares
1520 2984 1793 3055 numeri
1844 2985 2296 3055 conficiuntur
2331 3008 2360 3050 r
2395 3004 2503 3052 ex
2553 2982 2683 3053 hac
2730 2982 2871 3053 haec
2923 2986 3126 3053 etiam
3153 2982 3253 3052 so-

212 3084 383 3153 luta
438 3086 656 3150 variis
700 3084 965 3168 modis,
1014 3082 1521 3174 multorumque
1566 3106 1896 3175 generum
1948 3088 2157 3155 oratio
2187 3132 2212 3153 2
2279 3088 2443 3153 Non
2498 3088 2680 3155 euim
2735 3082 2887 3152 sunt
2939 3086 3070 3154 alia
3126 3083 3253 3155 ser-

214 3184 514 3267 monis,
565 3183 695 3247 alia
744 3183 1190 3250 contentionis
1242 3185 1441 3248 verba
1470 3209 1495 3248 r
1561 3207 1781 3274 neque
1846 3208 1934 3254 ex
1987 3189 2121 3254 alio
2189 3205 2432 3273 genere
2503 3185 2587 3249 ad
2671 3183 2878 3252 usum
2923 3187 3254 3274 quotidia-

218 3301 467 3366 num,
520 3281 653 3350 alio
700 3283 785 3349 ad
840 3279 1102 3348 scenam
1150 3299 1601 3370 pompamque
1655 3286 2008 3351 sumuntur
2044 3307 2072 3348 ι
2129 3284 2238 3350 sed
2286 3303 2366 3348 ea
2421 3303 2542 3346 nos
2591 3303 2752 3348 cum
2805 3287 3092 3361 jacentia
3143 3285 3252 3353 su-

214 3383 559 3452 stulimus
611 3405 648 3452 e
702 3381 958 3471 medic,
1008 3381 1173 3450 ficut
1223 3379 1677 3450 mollissimam
1728 3403 1949 3451 ceram
1994 3433 2015 3468 ,
2087 3379 2173 3448 ad
2225 3377 2528 3445 nostrum
2603 3379 2950 3447 arbitrium
3004 3383 3251 3451 forma-

218 3506 403 3554 mus
464 3486 533 3555 &
596 3483 965 3575 fingimus.
1018 3487 1259 3574 Itaque
1303 3499 1457 3548 tum
1510 3501 1752 3571 graves
1804 3481 2034 3550 sumus
2070 3531 2095 3566 ,
2164 3495 2314 3546 tum
2363 3475 2633 3545 subtiles
2675 3529 2702 3565 ,
2749 3497 2902 3546 tum
2960 3482 3254 3550 medium

220 3586 569 3678 quiddam
618 3603 975 3654 tenemus.-
1033 3585 1120 3651 fic
1174 3581 1541 3651 institutam
1588 3585 1884 3652 nostram
1938 3581 2333 3651 sententIam
2389 3577 2680 3670 sequitur
2745 3581 3070 3650 orationis
3138 3604 3251 3672 ge-

221 3711 429 3774 nus3
484 3685 678 3776 idque
718 3686 807 3754 ad
848 3703 1131 3753 omnem
1184 3684 1563 3772 rationem,
1610 3688 1685 3757 δε
1744 3685 2007 3754 aurium
2026 3681 2478 3770 voluptatem,
2533 3684 2604 3750 ὅτ.
2655 3683 3045 3756 animorum
3101 3703 3248 3752 tuo·

221 3806 395 3862 tum
426 3839 451 3876 ,
500 3805 811 3856 mutatur
863 3787 935 3858 δε
988 3785 1314 3854 vertitur,

336 3887 476 3960 Sed
524 3905 601 3959 ut
652 3888 719 3958 in
772 3887 1101 3978 plerisque
1152 3882 1350 3952 rebus
1394 3878 1861 3954 incredibiliter
1914 3884 2041 3954 hoc
2094 3896 2338 3952 natura
2393 3876 2484 3950 est
2537 3883 2676 3972 ipsa
2733 3879 3043 3952 fabricata
3088 3934 3111 3967 ‚
3164 3883 3250 3954 fic

217 3993 297 4062 in
350 3992 714 4078 oratione3
769 4007 842 4058 ut
893 4011 1016 4075 ea,
1067 4011 1211 4078 quae
1262 3987 1637 4054 maximam
1684 3986 2049 4059 utilitatem
2096 3986 2163 4052 in
2217 3983 2284 4052 se
2337 3983 2801 4070 continerent,
2857 3982 3090 4052 eadem
3129 3985 3248 4052 ha·

214 4093 478 4164 herent
526 4091 895 4182 plurimum
952 4089 1060 4159 vel
1116 4087 1503 4180 dignitatiS,
1554 4089 1662 4157 vel
1716 4087 1874 4177 saepe
1918 4091 2125 4157 etiam
2187 4083 2588 4154 venustatiS.
2647 4083 3240 4153 Incolumitatis-ac

221 4195 469 4265 salutis
530 4197 841 4262 omnium
891 4192 1090 4263 causa
1146 4189 1448 4258 videmus
1496 4192 1675 4259 hunc
1730 4189 1973 4260 statum
2018 4189 2148 4258 esse
2199 4183 2404 4268 huius
2449 4188 2661 4255 totius
2711 4183 2996 4273 mundi,
3047 4201 3249 4277 atque

220 4315 500 4368 naturae
534 4348 557 4384 ‚
604 4296 973 4364 rotundum
1026 4291 1397 4361 ut·caelum
1436 4341 1462 4377 .,
1522 4305 1835 4381 terraque
1882 4308 1961 4360 ut
2014 4291 2240 4360 media
2289 4289 2430 4387 sit,
2480 4305 2696 4378 eaque
2749 4284 2867 4356 sua
2918 4289 2986 4357 vi
3041 4303 3240 4366 nutu·

774 4406 781 4412 ’
3015 4407 3148 4476 que

302 4756 435 4819 (a)
472 4753 625 4811 Via.
660 4757 829 4811 Grut.
864 4713 1073 4818 modis,
1112 4753 1292 4821 forma
1320 4747 1393 4818 ό·
1424 4740 1695 4816 relaxat,
1794 4745 1937 4814 bris,
1972 4756 2059 4804 aut
2100 4741 2344 4818 periodis
2381 4737 2589 4804 utiturs
2629 4741 2687 4798 &
2720 4736 2848 4819 alibi
2886 4736 3016 4794 alios
3073 4731 3240 4807 pedes

305 4829 425 4888 (76
448 4832 481 4889 )
538 4823 716 4878 Medis
768 4829 824 4880 &t
860 4821 1031 4882 forma
1068 4828 1301 4883 relaxat
1334 4828 1363 4886 )
1416 4825 1503 4880 Src
1544 4824 1695 4880 Man.
1798 4822 1859 4880 in
1895 4816 2177 4892 principio
2208 4856 2226 4884 ,
2281 4821 2337 4873 δε
2392 4809 2503 4872 fine
2539 4809 2827 4877 senteuttae
2863 4807 3145 4890 collocat.
3181 4811 3240 4862 1-

229 4899 292 4951 &
331 4893 521 4951 Lamb.
556 4892 749 4952 Sensus
786 4896 892 4952 loci
934 4897 1039 4953 erit
1080 4920 1098 4952 .·
1149 4899 1362 4958 Orator
1415 4915 1531 4950 non
1568 4912 1700 4950 ean·
1798 4893 1959 4950 dem.

231 4965 371 5024 dem
410 4962 811 5024 dimensionem
851 4965 1173 5035 sententiae,
1213 4989 1313 5026 nec
1347 4964 1564 5023 eosdem
1601 4983 1700 5038 pe·-
1872 4964 2001 5032 (b)
2041 4959 2228 5021 Lamb.
2263 4959 2504 5019 numeris
2539 4946 2872 5026 insistemus.

230 5036 333 5098 des
386 5035 603 5113 semper
642 5039 843 5111 repetit
877 5061 893 5099 ε
950 5036 1044 5098 sed
1080 5056 1477 5114 nonnunquam
1528 5055 1701 5096 mem-
