4359 6321
2701 216 2756 247 ,-

1292 470 1472 568 290
2096 450 2200 539 D
2254 447 2382 537 E·
2457 444 2540 535 c
2595 442 2679 535 L
2737 442 2860 537 ,Α
2899 444 2988 534 R
3053 444 3114 533 1
3157 442 3232 535 ς

1256 576 1379 649 XI.
1432 582 1525 645 At
1576 570 1691 641 ille
1738 568 2003 654 ridens,
2052 568 2213 641 Tuo
2267 584 2430 633 vero
2468 617 2489 651 ,
2543 564 2756 655 inquit
2799 617 2820 651 ,
2871 564 3233 634 arbitratu.-
3291 563 3608 655 quoniam
3657 562 3932 655 quidem
3983 592 4152 647 eon.-

1156 680 1394 750 eefl‘um
1442 678 1537 745 est
1584 669 1948 745 rhetoribus
1996 668 2304 737 ementiri
2355 665 2424 732 in
2475 666 2824 752 historiis,
2853 684 2927 733 ut
2980 668 3226 757 aliquid
3249 666 3464 734 dicere
3505 666 3740 755 poffint
3789 678 4146 763 argutius.

1158 784 1254 848 Ut
1304 784 1480 849 enim
1536 795 1607 851 tu
1662 797 1839 844 nu-nc
1890 774 1970 841 de
2016 770 2414 852 coriolano,
2467 768 2554 835 fic
2603 770 3000 837 Clitarchus
3040 822 3062 856 ‚
3133 769 3222 836 fic
3279 771 3639 837 Stratocles
3709 771 3792 841 dc
3863 776 4136 847 Themi»

1156 882 1353 951 flocle
1404 882 1638 949 finxit.
1689 880 1913 961 Nam,
1958 892 2158 966 quem
2215 868 2688 954 Thucydides,
2738 872 2853 960 qui
2907 876 2979 941 &
3035 870 3459 937 Atheniensis
3507 884 3695 959 erat,
3747 877 3820 947 &
3879 876 4137 951 finum·

1158 984 1311 1051 loco
1365 964 1601 1068 natus,
1654 976 2085 1067 summusque
2132 974 2236 1039 vir
2279 1022 2300 1058 ‚
2371 972 2443 1039 δι
2517 973 2720 1059 paulo
2770 988 2960 1037 aetate
3035 971 3344 1058 posterior
3388 1026 3408 1059 ‚
3475 990 3746 1043 tantum
3799 997 4142 1055 mortuum

1156 1084 1447 1172 scripsit,
1498 1087 1568 1156 δι
1626 1084 1696 1150 in
1748 1080 1966 1147 Attica
2021 1077 2202 1145 clam
2249 1074 2650 1157 humatum‚·
2707 1070 2990 1159 addidit,
3041 1070 3226 1143 fuisse
3276 1072 3707 1162 suspicionem
3735 1102 3991 1153 veneno
4031 1084 4140 1171 fibi

1154 1184 1532 1255 conscivisse
1586 1202 1919 1251 mortem.-
1980 1180 2161 1248 hunc
2216 1174 2318 1240 isti
2367 1174 2552 1251 ajunt
2591 1222 2619 1256 ,
2684 1194 2845 1241 cum
2897 1190 3173 1242 taurum
3223 1176 3688 1247 immolavisset
3727 1234 3752 1268 ,
3823 1190 4137 1275 excepisse

1157 1287 1545 1375 sanguinem
1598 1302 1881 1373 patera,-
1915 1284 1984 1351 δε
2044 1298 2123 1345 eo
2175 1290 2326 1367 poto
2363 1324 2382 1358 ‚
2451 1290 2795 1343 mortuum
2865 1274 3222 1347 concidisse
3265 1324 3284 1345 .
3355 1280 3555 1348 Hanc
3604 1284 3794 1351 enim
3861 1305 4137 1358 mortem

1156 1389 1518 1473 rhetorice,
1568 1388 1639 1456 δε
1697 1386 1946 1473 tragice
2000 1398 2238 1447 ornare
2290 1394 2650 1463 potuerunt
2692 1399 2712 1440 ι
2781 1375 2898 1444 illa
2951 1400 3138 1447 mors.
3187 1378 3492 1470 vulgaris
3565 1383 3832 1453 nullam
3901 1392 4138 1478 praebe-

1156 1490 1265 1558 bat
1320 1488 1667 1557 materiem
1720 1486 1803 1552 ad
1858 1497 2212 1549 ornatum.
2270 1486 2554 1563 Quare,
2591 1479 2910 1568 quoniam
2959 1479 3074 1549 tibi
3131 1482 3226 1548 ita
3277 1482 3562 1573 quadrat
3607 1539 3628 1571 ,
3681 1491 3906 1556 omnia
3961 1494 4136 1563 fuisie

1156 1592 1227 1661 in
1282 1584 1733 1656 Themistocle
1787 1582 1965 1671 paria
2017 1583 2088 1652 δε
2162 1580 2519 1649 Coriolano
2559 1630 2580 1665 ‚
2645 1597 2940 1667 pateram
3009 1603 3270 1675 quoque
3341 1606 3382 1651 a
3457 1606 3568 1653 me
3619 1587 3845 1658 sumas
3914 1592 4070 1663 licet
4111 1620 4136 1661 ε

1138 1691 1447 1783 praebebo
1499 1687 1699 1754 etiam
1746 1684 2027 1752 hostiam
2070 1736 2091 1769 ,
2138 1699 2212 1751 ut
2263 1680 2657 1749 Coriolanus
2712 1682 2786 1749 fit
2839 1684 3033 1771 plane
3085 1687 3254 1754 alter
3307 1686 3836 1759 Themistocles.

1264 1793 1363 1859 Sit
1414 1789 1610 1875 sane,
1661 1786 1983 1877 inquam,
2024 1800 2097 1853 ut
2154 1782 2331 1853 lubet
2373 1836 2402 1869 ‚
2465 1782 2548 1849 de
2602 1780 2783 1850 isto:
2861 1787 2935 1855 ἃ.
2987 1808 3118 1878 ego
3172 1790 3430 1857 cautius
3479 1788 3742 1879 posthac
3811 1792 4135 1865 historiam

1154 1898 1489 1983 attingam
1524 1945 1545 1977 ,
1592 1906 1659 1958 te
1714 1889 2067 1959 audiente:
2112 1906 2318 1976 quem
2368 1900 2599 1951 rerum
2654 1888 3126 1957 Romanarum
3179 1888 3518 1973 auitorem
3569 1890 3842 1963 laudare
3891 1897 4138 1987 possum

1156 1992 1753 2084 religiosissimum.
1806 1988 1931 2059 Sed
1983 2004 2132 2055 tum
2187 1987 2322 2055 fere
2379 1985 2709 2071 Pericles,
2765 1991 3074 2079 Xantippi
3129 1990 3354 2077 filius,
3401 1990 3482 2060 de
3529 2015 3666 2085 quo
3713 2012 3863 2065 ante
3931 1996 4067 2065 dixi
4119 2050 4140 2085 ‚

1160 2100 1418 2189 primus
1472 2092 1763 2163 adhibuit
1814 2090 2229 2161 destrinam':
2287 2107 2430 2175 quae
2478 2107 2862 2179 quanquam
2918 2106 3064 2159 tum
3115 2092 3314 2161 nulla
3359 2110 3506 2162 erat
3554 2096 3871 2185 dicendi,
3914 2116 4142 2166 tamen

1158 2201 1241 2267 ab
1296 2202 1705 2287 Anaxagora
1760 2191 2031 2287 physico
2080 2186 2380 2259 eruditus
2416 2240 2438 2274 ‚
2503 2189 3042 2261 exercitationem
3099 2196 3334 2265 mentis
3401 2214 3439 2261 a
3487 2194 3834 2265 reconditis·
3883 2199 4146 2270 abstru-

1156 2301 1371 2391 fisque
1426 2298 1615 2367 rebus
1662 2296 1754 2366 ad
1804 2290 2029 2363 causas
2086 2289 2380 2359 forenses
2432 2290 2923 2383 popularesque
2982 2296 3180 2365 facile
3227 2296 3605 2365 traduxerat
3644 2346 3662 2365 .
3714 2300 3936 2379 Huius
3987 2300 4152 2368 sua*-

1156 2405 1367 2473 vitate
1424 2402 1719 2469 maxime
1764 2398 2056 2467 hilaratae
2108 2392 2262 2463 sunt
2313 2390 2594 2461 Athena
2633 2446 2664 2481 ,
2725 2394 2933 2475 hujus.
2979 2394 3346 2467 ubertatem
3401 2400 3470 2473 &
3523 2401 3780 2491 copiam
3853 2400 4145 2481 admira..

1157 2522 1283 2591 τε,
1335 2502 1634 2581 eiusdem
1684 2501 1824 2569 vim
1876 2494 2135 2567 dicendi
2191 2512 2636 2587 terroremque
2687 2496 3101 2593 timuerunt„

1257 2608 1413 2673 ΧΠ.
1470 2608 1633 2671 Haec
1684 2604 1887 2691 igitur
1954 2616 2109 2669 aetas
2181 2598 2394 2687 prIma
2465 2596 2747 2667 Athenis
2817 2617 3152 2673 oratorem
3219 2624 3415 2693 prope
3487 2604 3850 2693 pascitura
3921 2606 4072 2674 tulit
4123 2654 4146 2671 .

1154 2710 1297 2777 Nec
1350 2706 1529 2773 enirn
1576 2705 1647 2771 in
1696 2699 2241 2772 constituentibus
2292 2698 2818 2790 rempublicam,
2867 2725 2992 2774 nec
3047 2710 3116 2775 in
3169 2702 3340 2771 bella
3391 2706 3774 2794 gerentibus
3810 2760 3831 2794 ,
3905 2728 4016 2776 nee
4070 2709 4144 2774 iu

1152 2809 1481 2897 impeditis
1546 2826 1625 2873 ac
1694 2826 1935 2897 regum
2001 2804 2450 2871 dominatione
2497 2802 2820 2873 deviastis
2857 2858 2878 2891 ,
2946 2805 3125 2873 nasci
3195 2804 3525 2893 cupiditas
3595 2809 3854 2879 dicendi
3909 2808 4064 2877 solet
4121 2857 4144 2871 .

1153 2911 1343 2979 Pacis
1394 2906 1482 2977 est
1534 2930 1796 2995 comes,
1850 2907 2097 2998 otiique
2148 2904 2320 2973 socia
2357 2957 2379 2990 ,
2448 2906 2520 2973 &
2578 2904 2713 2982 iam
2766 2907 2926 2979 bene
2975 2904 3336 2973 constitutae
3401 2909 3702 2977 civitatis·
3749 2908 3925 3001 quasi
3985 2910 4148 2977 alu-

1152 3032 1319 3081 mna
1369 3010 1707 3101 quaedam‚
1752 3008 2162 3101 eloquentia.
2215 3011 2444 3095 ltaque
2491 3004 2581 3071 ait
2629 3006 3042 3094 AristoteleS‚
3109 3028 3270 3075 cum
3323 3005 3590 3087 sublatis
3638 3012 3710 3078 in·
3761 3013 3978 3079 Sicilia
4027 3028 4146 3097 ty-

1154 3114 1421 3202 rannis,
1467 3136 1575 3183 res
1637 3114 1899 3204 privata:
1969 3109 2171 3200 longo
2223 3104 2584 3176 intervallo
2657 3107 2910 3186 iudiciis
2985 3124 3437 3204 repeterentur
3476 3165 3497 3199 ,
3565 3130 3720 3181 tum-
3791 3115 4088 3206 primum
4117 3166 4150 3202 ‚

1152 3214 1330 3308 quod
1383 3217 1533 3285 esset
1584 3233 1779 3286 acuta
1832 3215 1947 3284 illa
1995 3235 2159 3303 gens
2215 3213 2291 3280 δι
2341 3208 2768 3277 controversa
2821 3227 3066 3281 natura
3110 3265 3138 3300 ,
3201 3231 3420 3282 artem
3467 3216 3538 3284 &
3597 3235 3910 3305 praecepta
3959 3215 4144 3282 Sicu-

1151 3321 1257 3388 los
1276 3372 1307 3405 ‚.
1344 3324 1669 3390 Coracem
1724 3322 1795 3390 &
1856 3316 2154 3402 Tisiam,
2204 3309 2634 3400 conscripsisse
2673 3369 2691 3386 .
2749 3315 2936 3381 Nam
2985 3330 3177 3382 antea
3229 3317 3572 3383 neminem
3623 3317 3894 3384 solitum
3963 3317 4078 3383 via
4123 3367 4152 3402 ,

1148 3443 1274 3490 nec
1326 3437 1515 3508 arte,
1562 3420 1669 3490 sed
1720 3438 2028 3491 accurate
2079 3434 2300 3484 tamen
2349 3467 2376 3502 ,
2437 3415 2514 3482 ἀ
2572 3414 2656 3480 de
2727 3411 2962 3505 scripto
3011 3413 3354 3504 plerosque
3397 3414 3610 3480 dicere
3643 3439 3674 3477 .·
3743 3414 4156 3508 scriptasque

1154 3523 1378 3607 fuisse,
1432 3529 1500 3596 &
1558 3541 1820 3612 paratas
1870 3543 1908 3589 a
1978 3523 2342 3608 Protagora
2411 3535 2640 3582 rerum
2707 3515 3063 3586 illustrium
3129 3513 3591 3602 disputationes
3649 3568 3671 3602 ,
3737 3535 3884 3604 quae
3955 3537 4170 3588 nune

1150 3645 1540 3692 communes
1593 3625 1999 3714 appellantur
2056 3621 2184 3691 loci
2221 3675 2241 3696 .
2297 3617 2498 3704 Qod
2549 3615 2724 3684 idem
2777 3617 2986 3686 feciffe
3032 3616 3358 3704 Gorgiam
3399 3667 3420 3702 ,
3491 3637 3653 3683 cum
3720 3615 4166 3706 singularum

1152 3745 1379 3794 rerum
1435 3723 1706 3810 laudes,
1757 3711 2400 3809 vituperationesque
2469 3715 2926 3806 conscripsisset
2963 3742 2986 3782 ι
3051 3716 3231 3810 quod
3287 3717 3604 3798 judicaret
3673 3717 3803 3784 hoe
3851 3722 4156 3789 oratoris

1150 3827 1273 3894 effe
1326 3828 1623 3890 maxime
1672 3824 2051 3915 proprium,
2104 3841 2248 3887 rem
2300 3839 2544 3910 augere
2594 3814 2763 3908 posse
2813 3817 3150 3888 laudando
3185 3871 3210 3905 ,
3279 3817 3852 3910 vituperandoque
3918 3819 4154 3889 rursus

1150 3923 1491 4014 affligere.
1550 3925 1729 3994 Huic
1784 3923 2268 4013 Antiphontem
2323 3922 2816 3990 Rhamnusium
2866 3919 3100 3988 similia
3147 3919 3449 4010 quaedam
3500 3919 3792 3991 habuisse
3855 3922 4150 3990 conscri-

1150 4045 1305 4116 pta,
1355 4048 1487 4116 quo
1536 4027 1877 4112 neminem
1930 4046 2230 4116 unquam
2281 4023 2524 4107 melius
2577 4021 2792 4102 ullam
2842 4021 3116 4088 oravisse
3167 4023 3404 4112 capitis
3471 4019 3740 4091 causam
3785 4076 3806 4110 ,
3871 4045 4024 4094 cum
4081 4021 4154 4092 se

1150 4128 1285 4216 ipse
1334 4128 1715 4199 defenderet
1752 4184 1775 4218 ,
1825 4129 1889 4196 se
1939 4129 2249 4196 audiente
2284 4178 2309 4212 ,
2373 4121 2670 4210 locuples
2741 4122 2972 4191 auster
3043 4123 3289 4214 scripsit
3365 4124 3813 4209 Thucydides
3863 4171 3880 4188 .
3957 4126 4152 4190 Nam

1145 4229 1430 4312 Lyslam
1478 4233 1695 4318 primo
1744 4229 2037 4320 profiteri
2090 4227 2360 4301 solitum
2409 4239 2628 4292 artem
2673 4222 2795 4294 effe
2849 4223 3150 4294 dicendi:
3199 4223 3430 4293 deinde
3458 4278 3480 4311 ,
3527 4227 3704 4316 quod
3757 4225 4152 4294 Theodorus

1146 4332 1300 4402 effer
1349 4332 1417 4399 in
1470 4350 1611 4401 arte
1662 4333 1999 4419 subtilior,
2047 4331 2115 4399 in
2168 4329 2576 4402 orationibus
2627 4343 2850 4396 autem
2906 4327 3228 4414 ieiunior,
3276 4329 3615 4397 orationes
3653 4349 3809 4400 eum
3869 4325 4154 4395 scribere

1150 4435 1655 4522 aliiscoepiffe,
1702 4453 1913 4504 artem
1962 4435 2340 4504 removisse.
2394 4430 2710 4504 Similiter
2765 4430 3120 4498 liberatem
3175 4431 3391 4518 primo
3437 4447 3651 4496 artem
3721 4427 3973 4518 dicendi
4021 4427 4160 4496 esse

1146 4537 1515 4624 negavisse,
1567 4536 1841 4608 scribere
1898 4553 2119 4606 autem
2170 4537 2319 4603 aliis
2377 4533 2648 4602 solitum
2697 4533 3028 4600 orationes
3067 4581 3090 4614 ,
3159 4528 3402 4618 quibus
3453 4529 3521 4594 in
3573 4530 3834 4608 judiciis
3884 4547 4160 4599 uteren-

1152 4655 1302 4704 tur:
1360 4637 1508 4720 sed,
1562 4657 1721 4704 cum
1768 4661 1853 4704 ex
1904 4658 1985 4703 eo
2032 4649 2065 4724 (
2116 4638 2272 4724 quia
2323 4635 2506 4722 quasi
2559 4635 3005 4702 committeret
3053 4641 3286 4696 contra
3335 4626 3604 4719 legem,
3655 4655 3788 4723 quo
3835 4637 3990 4722 quis
4052 4634 4164 4712 ju-

1144 4738 1320 4803 dicio
1368 4737 1967 4812 circumueniretur
2031 4746 2058 4821 )
2112 4738 2274 4819 saepe
2323 4733 2456 4818 ipse
2505 4733 2577 4800 in
2633 4733 2958 4814 judicium
3009 4746 3398 4820 vocaretur-3
3451 4736 3786 4804 orationes
3831 4732 3980 4802 aliis
4035 4735 4164 4802 de-

1146 4835 1357 4922 stitisse
1410 4833 1719 4918 scribere,
1770 4847 2121 4919 totumque
2171 4830 2238 4898 se
2291 4833 2376 4897 ad
2427 4851 2602 4910 artes
2653 4829 3140 4921 componendas
3189 4829 3616 4904 transtulisse.
3727 4897 3738 4908 ,

1254 4937 1447 5006 ΧΙΙΙ,
1501 4935 1587 5014 Et.
1638 4933 1905 5012 Graeciae
1976 4931 2246 5020 quidem
2317 4949 2663 5008 oratorum
2734 4949 2960 5023 partus
2994 4985 3019 5019 ,
3089 4949 3288 5024 atque
3338 4935 3551 5006 fontes
3601 4935 3778 5006 vides
3819 4991 3841 5024 ,
3891 4937 3986 5004 ad'
4035 4957 4160 5004 no-

1150 5034 1361 5108 strum
1408 5037 1756 5118 annalium
1804 5033 2173 5134 rationem,
2227 5049 2526 5132 veteres,
2571 5037 2656 5112 ad
2701 5033 3046 5134 ipsorum,
3091 5033 3249 5115 stne
3295 5057 3588 5128 recentes
3624 5087 3648 5112 .
3715 5041 3896 5112 Nam
3929 5027 4164 5105 'ante-

2579 5170 2582 5173 ·
2753 5177 2764 5187 .
3659 5181 3672 5192 .
3821 5160 4052 5234 -qmm
