4359 6321
1226 449 1403 517 220
1956 410 2194 505 DE
2315 398 3269 499 ORATORE

1088 540 1322 621 [anate
1390 543 1728 628 nequeunt
1765 578 1791 621 ,
1841 529 2307 630 exulcerant?
2388 527 2626 615 Quid?
2704 548 2864 597 cum
2914 525 3381 617 personarum,
3429 544 3598 616 quas
3649 524 4034 601 defendunt
4063 586 4094 624 ,

1086 643 1415 713 rationem
1474 662 1611 707 non
1688 632 1999 705 habent?
2054 634 2121 703 Si
2162 684 2186 720 ‚
2234 654 2376 722 φιτ
2449 630 2592 696 sunt
2649 630 2720 697 in
2772 629 2874 699 his
2926 627 3297 718 invidiosa,
3345 649 3480 695 non
3537 628 3855 718 mitigant
3901 653 4101 707 exte.

1088 745 1411 833 mundo,
1463 738 1570 809 sed
1626 734 1958 809 laudando
2008 738 2098 809 δε·
2140 733 2473 803 efferendo
2529 729 2958 803 invidiosiora
3011 730 3314 820 faciunt3
3365 744 3702 822 quantum
3754 730 3847 799 est
3895 735 3966 804 in
4007 758 4100 808 eo

1098 846 1368 915 tandem
1422 841 1659 910 mali?
1712 836 1955 925 Qid?
2009 837 2057 907 fi
2106 838 2175 904 in
2228 837 2533 907 homines
2585 854 2813 920 caros,
2866 829 3314 920 judicibusque
3372 828 3700 911 iucundos
3754 832 3892 904 fine
3939 840 4096 911 ulla

1094 946 1599 1036 praemunitione
1648 942 1965 1010 orationis
2018 936 2318 1009 acerbius
2391 941 2460 1009 &
2537 932 3078 1005 contumeliosius
3151 932 3460 1003 invehare
3501 986 3525 1022 ‚
3575 954 3804 1007 nonne
3849 934 3966 1007 abs
4017 958 4092 1013 te

1094 1047 1346 1127 judices
1402 1045 1783 1137 abalienes?
1836 1040 2059 1131 Quid,
2111 1040 2207 1129 fi,
2259 1063 2400 1132 quae
2459 1039 2619 1105 vitia
2664 1087 2686 1121 ‚
2753 1050 2867 1111 aut
2916 1032 3333 1103 incommoda
3391 1034 3542 1103 sunt
3589 1036 3662 1104 in
3715 1039 3936 1131 aliquo
3987 1046 4096 1125 ju.

1086 1148 1232 1219 dice
1282 1172 1465 1236 uno,
1518 1162 1631 1214 aut
1687 1144 2027 1234 pluribuS,
2076 1163 2155 1210 ea
2209 1157 2284 1210 tu
2335 1143 2404 1207 in
2459 1137 2852 1207 adversariis
2901 1135 3374 1229 exprobrando
3425 1161 3562 1207 non
3631 1137 3973 1233 intelligas
4023 1162 4100 1217 te

1087 1247 1157 1315 in
1212 1250 1461 1330 judices
1518 1247 1789 1337 invehi,
1840 1246 2173 1315 mediocre
2226 1255 2578 1332 peccatum
2628 1240 2770 1308 est?

1202 1350 1385 1440 Qid
1424 1401 1445 1438 ‚
1517 1348 1565 1418 fi
1605 1399 1628 1435 ,
1697 1370 1858 1416 cum
1909 1366 2027 1435 pro
2078 1345 2284 1419 altero
2331 1344 2509 1411 dicas
2543 1396 2566 1430 ,
2637 1342 2828 1411 litem
2877 1354 3070 1411 tuam
3116 1338 3364 1428 facias,
3411 1356 3528 1409 aut
3575 1339 3768 1411 laesus
3817 1346 4104 1419 efferare

1082 1450 1485 1535 iracundia,
1540 1447 1815 1517 causam
1866 1447 2250 1537 relinquaS,
2303 1444 2558 1515 nihilne
2612 1450 2898 1515 noceas?
2955 1448 3035 1511 In
3089 1465 3220 1533 φιο
3265 1466 3393 1533 ego
3432 1496 3453 1529 ,
3507 1466 3640 1511 non
3697 1468 3835 1536 quo
3885 1448 4100 1519 liben-

1084 1568 1184 1621 ter
1251 1552 1427 1621 male
1482 1548 1794 1637 audiam,
1851 1546 1959 1616 sed
2008 1550 2162 1638 quia
2212 1570 2338 1639 ego
2387 1545 2658 1615 causam
2709 1568 2846 1615 non
2897 1545 3168 1615 libenter
3225 1546 3580 1635 relinquo,
3629 1547 3921 1619 nimium
3980 1574 4094 1640 pa-

1082 1654 1254 1723 tiens
1344 1653 1415 1721 &
1492 1646 1718 1721 lentus
1771 1649 2107 1719 existimor
2148 1674 2170 1715 ι
2249 1667 2368 1738 ut,
2409 1670 2573 1721 cum
2623 1648 2910 1738 teipsum
2952 1701 2974 1736 ,
3043 1648 3332 1737 Sulpici,
3377 1647 3862 1740 objurgabam,
3913 1653 4100 1743 quod

1082 1752 1607 1821 ministratorem
1686 1762 1892 1841 (50)
1967 1770 2257 1841 peteres,
2315 1775 2450 1821 non
2503 1750 2953 1824 adversarium
2995 1798 3012 1817 .
3081 1752 3185 1815 Ex
3256 1770 3390 1840 quo
3451 1752 3659 1819 etiam
3703 1754 3884 1823 illud
3939 1756 4100 1825 affe-

1080 1876 1251 1944 quor
1283 1908 1306 1943 ,
1378 1869 1451 1923 ut
1496 1904 1535 1952 ,¹
1585 1853 1635 1921 fi
1684 1855 1833 1945 quis
1887 1856 2053 1925 mihi
2127 1857 2558 1944 maledicat„
2624 1854 2926 1945 petulans
2972 1903 3014 1942 ,.
3066 1863 3181 1921 aut
3229 1853 3430 1941 plane
3483 1852 3760 1927 insanus
3813 1859 3938 1933 effe
3991 1857 4106 1925 vi·-

1083 1954 1357 2025 deatur.
3723 2000 3730 2009 -

1184 2060 1265 2126 In
1321 2055 1471 2145 ipfis
1548 2068 1779 2125 autem
1850 2059 2314 2148 argumentis,
2366 2058 2415 2128 fi
2469 2056 2630 2150 quid
2682 2056 2977 2147 posueris
3044 2071 3161 2126 aut
3205 2069 3436 2145 aperte
3469 2058 3768 2149 salsum,
3817 2074 3934 2127 aut
3983 2058 4094 2145 ei,

1076 2157 1255 2249 quod
1305 2157 1607 2247 dixeriS,
1653 2158 2035 2229 dicturusve
2090 2161 2218 2249 sm,
2263 2164 2724 2247 contrarium,
2771 2178 2892 2229 aut
2943 2179 3184 2252 genere
3259 2159 3396 2248 ipso
3445 2176 3766 2230 remotum
3819 2160 3900 2227 ab
3950 2158 4078 2227 usu

1076 2259 1473 2339 judiciorum
1541 2281 1619 2330 ac
1672 2260 1822 2327 foro
1872 2315 1897 2349 ‚
1951 2263 2210 2333 nihilne
2262 2264 2574 2333 noceas?
2649 2261 2832 2346 Quid
2887 2263 3174 2331 multa?
3235 2261 3458 2329 omnis
3499 2284 3662 2336 cura
3713 2278 3862 2331 mea
3917 2261 4092 2326 {olet

1076 2362 1148 2431 in
1200 2360 1327 2431 hoc
1382 2360 1643 2433 versari
1696 2360 1949 2452 semper
1981 2417 2006 2452 ,
2059 2364 2336 2453 (dicam
2387 2367 2574 2435 enim
2623 2363 2950 2453 saepius,)
3001 2364 3050 2433 fi
3104 2361 3334 2453 posfim
3381 2379 3456 2432 ut
3503 2361 3653 2433 boni
3699 2362 3959 2452 aliquid
3993 2358 4100 2429 ef-

1077 2463 1303 2533 ficiam
1355 2462 1681 2531 dicendo.-
1742 2464 1836 2535 sm
1891 2466 1959 2531 id
2018 2467 2297 2554 minuS,
2350 2481 2428 2539 ut
2478 2481 2656 2536 certe
2708 2488 2792 2534 ne
2843 2467 3008 2558 quid
3058 2466 3271 2534 mali.
4093 2526 4100 2529 .

1178 2567 1499 2632 LXXVI.
1554 2568 1794 2653 Itaque
1864 2588 2053 2636 nunc
2118 2568 2290 2638 illuc
2357 2570 2552 2637 redeo
2589 2622 2616 2658 ,
2687 2571 2931 2637 Catule
2967 2620 2992 2655 ,
3062 2569 3130 2635 in
3201 2586 3339 2657 quo
3401 2579 3480 2639 tu
3532 2588 3642 2637 me
3693 2564 3892 2655 paulo
3943 2578 4108 2633 ante

1078 2663 1390 2734 laudabas
1439 2714 1461 2749 ,
1538 2664 1621 2732 ad
1672 2664 1980 2735 ordinem
2020 2721 2043 2756 ,
2110 2670 2758 2760 collocationemque
2808 2690 3040 2737 rerum
3117 2689 3196 2737 ac
3250 2670 3554 2737 locorum
3591 2714 3616 2735 .
3663 2667 3882 2745 Cujus
3929 2665 4106 2731 ratio

1079 2766 1173 2835 est
1220 2766 1467 2855 duplex
1496 2789 1517 2831 ι
1568 2767 1782 2834 altera
1832 2817 1859 2853 ,
1909 2789 2115 2860 quam
2169 2770 2361 2837 affert
2438 2788 2689 2843 natura
2763 2770 3117 2837 causarum
3155 2791 3184 2831 .-
3257 2768 3514 2856 altera,
3563 2791 3712 2857 qua>
3759 2782 4100 2837 oratorum

1086 2866 1330 2946 judicio
1408 2870 1481 2939 δε
1541 2868 1891 2959 prudentia
1948 2889 2376 2958 comparatur
2418 2919 2438 2939 .
2506 2875 2688 2938 Nam
2747 2887 2819 2940 ut
2872 2867 3125 2959 aliquid
3181 2882 3334 2937 ante
3385 2890 3532 2936 rem
3584 2871 3944 2956 dicamus;
3992 2866 4096 2935 de·

1084 2968 1239 3038 inde
1291 3020 1312 3054 ,
1364 2988 1439 3037 ut
1510 2990 1653 3037 rem
1708 2991 2167 3059 exponamus3
2222 2972 2414 3060 post,
2460 2986 2536 3042 ut
2587 2992 2737 3045 eam
2788 2969 3146 3062 probemus
3199 2967 3432 3037 nostris
3485 2969 3804 3056 praefidiis
3856 2968 4102 3040 confir-e.

1085 3071 1346 3142 mandis
1384 3124 1407 3158 ,
1480 3072 1835 3139 contrariis
1887 3072 2254 3141 refutandis
2297 3102 2325 3165 ⁸»
2389 3073 2634 3142 deinde
2697 3090 2774 3142 ut
2847 3071 3326 3142 concludamus
3357 3120 3384 3157 ,
3445 3086 3647 3162 atque
3700 3072 3792 3139 ita
3842 3090 4100 3163 perore-

1094 3196 1293 3261 mus;
1345 3171 1473 3242 hoc
1528 3172 1794 3243 dicendi
1850 3195 2068 3262 genus⁴
2114 3191 2360 3248 natura
2415 3172 2552 3266 ipsa
2602 3173 3010 3264 praescribit.
3345 3223 3350 3227 -

1194 3279 1295 3342 Ut
1344 3297 1507 3344 vero
1562 3275 1935 3344 statuamus
1976 3325 2001 3363 ,
2064 3296 2142 3344 ea
2181 3331 2204 3365 ,
2273 3300 2418 3368 quae
2468 3277 2784 3365 probandi
2833 3330 2854 3363 ,
2901 3272 3232 3362 docendi,
3273 3272 3704 3366 persuadendi
3745 3276 3944 3343 causa
3999 3273 4112 3344 di-

1094 3380 1309 3449 cenda
1362 3375 1519 3447 sunt
1548 3429 1573 3464 ,
1618 3377 2186 3470 quemadmodum
2234 3399 2772 3468 componamus;
2830 3377 2896 3445 id
2934 3376 3023 3444 est
3073 3378 3518 3474 vel3ssmaxime
3562 3376 3896 3463 proprium
3935 3397 4116 3443 ora-

1099 3483 1268 3547 toris
1323 3479 1689 3567 prudentiae
1723 3526 1743 3546 .
1794 3480 2013 3547 Multa
2062 3480 2247 3547 enim
2299 3496 2666 3550 occurrunt
2736 3494 3130 3570 argumenta
3168 3501 3198 3541 .-
3248 3477 3504 3563 mul'ta‚
3547 3497 3686 3566 φιτ
3735 3475 3802 3540 in
3852 3475 4110 3543 dicen-

1102 3577 1195 3646 do
1252 3581 1609 3665 profutura
1658 3579 2053 3648 videantur.
2106 3581 2234 3649 Sed
2284 3603 2524 3650 eorum
2573 3583 2820 3670 partim
2865 3581 2955 3648 ita
3006 3581 3186 3647 levia
3232 3578 3434 3668 sunt,
3475 3593 3554 3646 ut
3599 3573 4110 3646 contemnenda.

1105 3676 1274 3744 fint:
1332 3680 1622 3762 partim,
1670 3680 1874 3746 etiam
1926 3679 1977 3746 fi
2008 3681 2188 3768 ‘quid
2240 3681 2486 3750 habent
2541 3683 2951 3767 adjumenti,
3003 3678 3160 3752 sunt
3205 3691 3692 3769 nonnunquam
3723 3674 4100 3765 eiusmodi,

1108 3793 1183 3846 ut
1235 3775 1385 3843 infit
1440 3779 1512 3844 in
1566 3778 1643 3842 iis
1700 3779 1974 3871 aliquid3
2028 3780 2221 3868 vitii;
2293 3802 2511 3870 neque
2559 3784 2730 3850 tanti
2781 3783 2861 3850 fit
2913 3781 3084 3850 illud
3127 3833 3155 3867 ,
3195 3781 3372 3871 quod
3424 3779 3706 3869 prodeffe
3753 3779 4106 3868 videatur,

1112 3895 1185 3945 ut
1236 3899 1399 3970 cum
1452 3878 1675 3967 aliquo
1730 3879 1914 3946 malo
1982 3881 2436 3968 coniungatur
2473 3930 2498 3949 .
2553 3889 2724 3968 Qae
2773 3899 3001 3951 autem
3051 3880 3208 3949 sunt
3273 3881 3466 3950 utilia
3511 3899 3714 3972 atque
3757 3879 4000 3967 firma,
4049 3881 4104 3949 fi

1108 3999 1190 4047 ea
1242 3992 1469 4048 tamen
1524 3989 1552 4068 (
1604 3991 1676 4044 ut
1730 3979 1887 4069 saepe
1936 3979 2016 4047 fit
2060 3991 2088 4070 )
2162 3980 2362 4048 valde
2415 3983 2635 4051 multa
2687 3979 2890 4052 sunt:
2958 4002 3036 4050 ea
3076 4033 3104 4070 ,
3145 4006 3290 4071 quae
3335 4002 3426 4051 ex
3477 3985 3566 4052 iis
3607 3997 3726 4052 aut
3781 3981 4104 4051 leviffima

1114 4078 1269 4148 sunt
1308 4132 1329 4167 ,
1398 4096 1513 4150 aut
1574 4079 1722 4147 aliis
1782 4079 2202 4170 gravioribus
2269 4083 2637 4151 consimilia
2677 4135 2698 4169 ‚
2751 4082 3002 4154 secerni
3053 4081 3334 4154 arbitror
3377 4099 3952 4174 oporterefatque
3999 4099 4096 4147 ex

1110 4183 1414 4250 oratione
1489 4183 1830 4250 removeri
1866 4229 1887 4250 .
1956 4181 2292 4273 Equidem
2339 4206 2504 4251 cum
2555 4185 2814 4276 colligo
2853 4201 3250 4274 argumenta
3301 4187 3655 4256 causarum
3696 4237 3717 4273 ,
3765 4205 3900 4252 non
3948 4199 4108 4250 tam.

1110 4301 1189 4350 ea
1246 4301 1602 4358 numerare
1652 4280 1870 4371 soleo,
1921 4303 2126 4373 quam
2164 4286 2589 4374 expendere.

1221 4386 1576 4452 LXXVII·
1634 4385 1717 4450 Et
1768 4387 2089 4477 quoniam
2141 4396 2169 4474 (
2196 4385 2374 4476 quod
2427 4386 2588 4479 saepc
2639 4391 2780 4469 iam
2826 4385 3021 4480 dixi)
3072 4385 3288 4457 tribus.
3335 4386 3527 4457 rebus
3565 4407 3798 4456 omnes
3847 4388 3936 4458 ad
3981 4407 4106 4457 no-

3789 4488 4008 4561 stram

1107 4699 4118 4748 m

1189 4869 1219 4925 ζ
1242 4866 1356 4934 50)
1396 4864 1827 4940 Ministratorem
1862 4875 1893 4935 )
1944 4867 2290 4928 Ministraror
2336 4869 2382 4928 is
2417 4867 2566 4939 fuit,
2661 4873 2720 4930 in
2758 4871 2921 4932 Orat.
2957 4889 3062 4944 pro
3097 4871 3314 4938 Flacco,
3353 4891 3410 4928 c.
3437 4892 3527 4934 22.
3569 4879 3674 4934 Hic
3707 4876 3855 4935 mibi
3881 4883 4108 4938 Manu·

1119 4934 1353 5059 2¹¹1..i¹¹·
1388 4936 1549 4996 causis
1600 4937 1873 5000 advocato
1917 4939 2033 5022 five
2082 4959 2325 5022 patronq
2355 4940 2561 5023 soleret
2661 4944 2818 5004 driu-r
2837 4985 2860 5013 ,
2893 4941 3056 5022 quali
3087 4943 3476 5016 ministrator,
3499 4951 3612 5007 &a
3641 4953 3942 5011 Parcius.

1146 5002 1379 5074 ubucere
1416 5027 1508 5078 ea,
1546 5027 1665 5085 quae
1699 5031 1811 5088 pro
1844 5031 1942 5074 reo
1976 5010 2202 5073 dicenda
2239 5015 2440 5076 eflent.
2474 5015 2562 5074 Sic
