4359 6321
829 428 1453 521 LIBER
1577 426 2667 527 SECUNDUS.
2992 436 3177 541 181

289 566 768 642 quaecumque
817 568 924 623 res
969 548 1290 639 proposita
1341 549 1478 635 est,
1528 546 1933 641 suscipiunt,
1981 550 2062 621 de
2112 573 2249 645 qua
2296 553 2552 643 copiose
2626 556 2695 625 δε
2751 552 3157 633 abundanter
3212 564 3309 638 lo-

267 667 763 822 qugsnjttulivl.
805 734 993 820 Tum
1044 752 1374 837 Catulus,
1427 748 1532 819 Est
1573 804 1596 841 ,
1645 752 1899 843 inquit,
1949 769 2025 822 ut
2071 752 2281 841 dicis,
2330 756 2631 845 Antoni,
2688 774 2762 829 ut
2812 758 3110 851 plerique
3160 762 3305 849 phi-

259 852 600 945 losophi:
645 853 832 923 nulla
907 853 1178 923 tradant.
1221 870 1540 943 praecepta
1569 851 1854 923 dicendi
1893 908 1914 941 ,
1983 859 2054 925 &
2130 854 2419 925 habeant
2466 874 2769 949 paratum
2827 877 3093 947 tamen,
3145 864 3306 957 quid

251 956 390 1041 de
427 977 716 1047 quaque
765 976 838 1023 re
886 958 1146 1035 dicant.
1205 954 1330 1028 Sed
1381 954 1766 1025 Aristoteles
1817 957 1871 1026 is
1914 1009 1936 1045 ,
1986 976 2187 1049 quem
2236 962 2531 1029 maxime
2584 984 2713 1049 ego
2765 964 3109 1051 admiror,
3158 985 3303 1055 pro-

262 1056 538 1146 posuit
585 1056 907 1149 quostiam
960 1058 1184 1145 locos,
1231 1078 1314 1127 ex
1369 1054 1608 1147 quibus
1655 1060 1878 1125 omnis
1921 1060 2410 1149 argumentatio
2447 1112 2471 1145 ,
2521 1081 2659 1127 non
2711 1062 2905 1131 modo
2956 1064 3041 1131 ad
3092 1064 3301 1154 philo-

267 1157 680 1249 sophorum
731 1158 1240 1249 disputationem
1279 1210 1303 1245 ,
1373 1159 1484 1227 led
1535 1157 1738 1227 etiam
1787 1158 1872 1225 ad
1925 1158 2142 1247 hanc,
2190 1183 2323 1253 qua
2368 1158 2447 1231 in
2500 1158 2711 1229 caufis
2768 1162 3060 1249 utimur,
3110 1168 3299 1238 inve..

269 1263 577 1331 nir-etur
615 1285 637 1325 .·
696 1284 738 1331 a
785 1284 921 1353 quo
971 1262 1241 1352 quidem
1293 1259 1564 1331 homine
1663 1258 2056 1336 iamdudum
2094 1313 2117 1350 ,
2188 1262 2446 1331 Antoni
2486 1316 2507 1349 ,
2577 1282 2713 1329 non
2769 1260 3029 1331 aberrat
3080 1274 3297 1337 oratio

271 1376 464 1449 tua,
521 1364 662 1431 five
708 1382 784 1431 tu
833 1363 1263 1433 similitudine
1313 1360 1494 1431 illius
1551 1358 1757 1428 divini
1807 1364 2060 1451 ingenii
2113 1362 2182 1429 in
2230 1362 2465 1435 eadem
2514 1364 2802 1432 incurris
2855 1363 3165 1453 vestigia,
3220 1370 3299 1439 fi-

279 1484 382 1532 ve
465 1466 678 1533 etiam
747 1465 866 1532 ill-a
935 1464 1072 1552 ipsa
1121 1462 1332 1555 legisti
1411 1477 1604 1552 atque
1679 1461 2014 1533 didicisti:
2067 1460 2245 1553 quod
2312 1462 2581 1555 quidem
2652 1471 2869 1563 magis
2946 1464 3297 1537 verisimile

275 1564 611 1635 videtur.
668 1567 826 1635 Plus
873 1567 1056 1635 enim
1107 1582 1170 1634 te
1228 1584 1434 1653 operae
1483 1564 1734 1631 Graecis
1783 1564 2013 1633 dedisse
2061 1562 2261 1635 rebus
2313 1564 2543 1651 video,
2591 1587 2793 1655 quam
2846 1582 3184 1655 putaram.

401 1670 601 1735 Tum
654 1667 768 1735 ille
803 1721 825 1755 ,
894 1671 1197 1756 Verum,
1247 1667 1508 1760 inquit,
1585 1686 1670 1732 ex
1723 1687 1833 1735 me
1881 1668 2108 1735 audies
2149 1720 2170 1754 ,
2221 1666 2455 1738 Catule
2497 1692 2511 1729 ε
2566 1664 2815 1755 semper
2864 1666 3231 1737 existimavi
3268 1718 3297 1757 ,

281 1766 772 1843 jucundiorem
807 1820 832 1854 ,
897 1774 970 1841 &
1043 1766 1544 1859 probabiliorem
1627 1766 1785 1835 huic
1857 1768 2100 1857 populo
2172 1784 2495 1835 oratorem
2564 1766 2707 1835 fore
2743 1819 2766 1854 ,
2835 1769 2949 1857 qui
2998 1769 3289 1855 primum

279 1886 522 1953 quam
572 1870 926 1935 minimam
971 1872 1238 1937 artificii
1291 1868 1615 1952 alicuius,
1658 1867 1892 1957 deinde
1943 1870 2205 1937 nullam
2244 1878 2629 1941 Graecarum
2683 1890 2906 1939 rerum
2960 1867 3290 1959 fignifica-

281 1966 566 2035 tionem
617 1968 838 2035 daret.
889 1970 1111 2057 Atque
1160 1987 1290 2056 ego
1341 1966 1518 2033 idem
1567 1966 1984 2053 existimavi,
2031 1970 2298 2057 pecudis
2345 1970 2506 2054 esse,
2562 1992 2693 2036 non
2745 1970 3078 2055 hominiS,
3127 1990 3287 2039 cum

279 2078 527 2131 tantas
579 2088 682 2134 res
738 2070 954 2135 Graeci
1007 2067 1444 2157 susciperent,
1492 2068 2006 2155 profiterentur,
2056 2086 2371 2156 agerent,
2422 2066 2683 2157 seseque
2736 2074 2806 2139 &
2866 2069 3138 2137 videndi
3178 2094 3286 2139 res

275 2164 786 2236 obscuriffimas
821 2221 842 2254 ,
911 2171 981 2239 &
1039 2171 1220 2246 bene,
1253 2166 1560 2251 vivendi,
1613 2170 1682 2236 &
1741 2167 1992 2255 copiose
2049 2166 2301 2235 dicendi
2374 2167 2695 2235 rationem
2747 2168 3125 2237 hominibus
3174 2168 3289 2235 da-

279 2280 495 2337 turos
569 2270 1042 2357 pollicerentur
1082 2322 1106 2356 ,
1171 2292 1307 2336 non
1363 2267 1712 2335 admovere
1780 2288 2054 2353 autem,
2108 2270 2178 2337 &
2225 2320 2245 2353 ,
2316 2264 2362 2333 fi
2432 2266 2653 2353 palam
2708 2266 2929 2339 audire
2984 2287 3094 2339 eos
3143 2291 3284 2339 non

280 2366 582 2437 auderes
626 2420 646 2455 ,
715 2390 799 2443 ne
850 2370 1184 2441 minueres
1235 2368 1404 2456 apud
1456 2386 1602 2435 tuos
1651 2370 1834 2439 cives
1886 2368 2347 2436 auitoritatem
2424 2385 2609 2435 tuam
2650 2420 2670 2455 ,
2738 2366 3285 2437 subauscultando

275 2485 528 2535 tamen
603 2472 902 2558 excipere
955 2493 1154 2541 voces
1207 2488 1440 2537 eorum
1471 2520 1494 2555 ,
1565 2470 1637 2537 &
1695 2471 1996 2559 procul,
2059 2466 2216 2559 quid
2267 2461 2665 2553 narrarent,
2718 2470 3086 2537 attendere.
3143 2474 3279 2563 Ita-

273 2591 425 2661 que
483 2568 612 2637 feci
651 2624 672 2658 ,
741 2572 976 2643 Catule
1011 2626 1038 2663 ,
1105 2576 1176 2643 &
1233 2571 1504 2641 istorum
1555 2574 1863 2668 omnium
1940 2567 2323 2637 summatim
2394 2570 2625 2639 causas
2698 2572 2767 2638 &
2842 2590 3090 2659 genera
3142 2570 3281 2657 ipsa

275 2669 601 2761 gustavi.
1493 2664 1498 2669 ’
3272 2734 3281 2743 .

393 2776 761 2843 XXXVII.
817 2776 1034 2846 Valde
1101 2776 1378 2845 hercule
1417 2828 1438 2862 ,
1503 2773 1720 2867 inquit
1769 2777 2099 2859 Catulus,
2149 2773 2415 2859 timide,
2469 2785 2785 2863 tanquam
2840 2765 2924 2839 ad
2984 2770 3275 2862 aliquem

273 2872 584 2943 libidinis
638 2872 1026 2966 scopulum,
1077 2878 1164 2947 fic
1217 2894 1406 2946 tuam
1457 2894 1755 2946 mentem
1807 2876 1888 2943 ad
1937 2874 2424 2967 philosophiam
2477 2873 2815 2961 appulisti:
2872 2892 3081 2963 quam
3131 2874 3277 2943 haec

273 2976 526 3043 civitas
601 2976 946 3063 aspernata
1013 2998 1358 3070 nunquam
1409 2978 1497 3045 est
1535 3028 1550 3043 .
1611 2984 1788 3047 Nam
1845 2979 1916 3047 &
1997 2976 2240 3045 referta
2291 2973 2637 3067 quondam
2692 2974 2882 3042 Italia
2938 2974 3275 3064 Pythago-

275 3096 566 3143 reorum
617 3074 788 3164 fuit,
839 3094 1030 3164 tum,
1083 3102 1242 3145 cum
1291 3070 1429 3145 erat
1483 3081 1552 3145 in
1605 3080 1730 3147 hac
1782 3093 1980 3168 gente
2031 3067 2276 3170 magna
2329 3076 2446 3143 illa
2501 3077 2754 3144 Graecia
2796 3100 2815 3139 z
2867 3096 3138 3166 exque
3206 3098 3273 3143 e-

277 3177 464 3240 tiam
509 3173 778 3264 quidam
830 3182 1130 3258 Numam
1187 3181 1636 3262 Pompilium,
1704 3199 1934 3268 regem
1987 3181 2332 3264 nostrum,
2384 3176 2565 3242 luiss‘e
2616 3175 3123 3264 Pythagoreum
3176 3177 3277 3244 fe-

279 3286 458 3339 runt
473 3285 522 3358 ς’
556 3275 668 3361 qui
720 3278 918 3342 annis
965 3279 1316 3363 permultis
1367 3293 1521 3342 ante
1571 3277 1737 3360 fuit,
1788 3295 1992 3364 quam
2043 3275 2174 3364 ipse
2218 3267 2668 3362 Pythagoras:
2724 3295 2857 3364 quo
2892 3277 3093 3342 etiam
3132 3296 3273 3341 ma-

281 3375 390 3452 jor
452 3373 552 3439 vir
607 3371 944 3444 habendus
1012 3375 1104 3442 est
1141 3428 1165 3461 ,
1215 3397 1374 3442 cum
1448 3375 1638 3442 illam
1695 3373 2071 3462 sapientiam
2142 3371 2609 3442 constituendae
2678 3373 2961 3438 civitatis
3012 3372 3265 3452 duobus

275 3493 490 3566 prope
561 3473 795 3544 seculis
864 3477 1034 3544 antei
1081 3477 1398 3571 cognovit
1441 3528 1465 3561 ,
1540 3469 1756 3564 quam
1791 3494 1944 3540 eam
2014 3473 2226 3540 Graeci
2280 3486 2503 3536 natam
2553 3470 2674 3536 esse
2746 3467 3121 3538 senserunt.
3187 3475 3272 3538 Et

275 3595 470 3644 certe
534 3597 670 3642 non
723 3581 874 3646 tulit
941 3577 1124 3645 ullos
1175 3580 1310 3646 haec
1379 3577 1609 3647 civitas
1668 3592 1779 3642 aut
1829 3572 2048 3664 gloria
2097 3571 2455 3655 clariores,
2512 3587 2622 3636 aut
2674 3569 3065 3640 auftoritate
3118 3593 3270 3664 gra-

276 3682 510 3745 viores
547 3727 572 3762 ,
622 3695 737 3748 aut
788 3681 1202 3750 humanitate
1257 3677 1590 3766 politiores
1625 3730 1654 3762 ,
1717 3677 1786 3742 P.
1845 3675 2174 3745 Africano
2211 3725 2231 3760 ,
2279 3675 2353 3737 C.
2404 3670 2615 3738 Laelio
2652 3723 2673 3756 ,
2724 3675 2803 3738 L.
2854 3671 3104 3757 Furio,
3148 3671 3270 3764 qui

281 3781 518 3848 §ecum
571 3776 1022 3848 eruditissimos
1092 3780 1395 3848 homines
1461 3801 1543 3844 ex
1625 3777 1879 3844 Graecia
1955 3775 2176 3864 palam
2250 3769 2495 3857 semper
2570 3769 2979 3841 habuerunt.
3035 3777 3263 3864 Atque

277 3902 422 3972 ego
467 3897 550 3944 ex
607 3876 734 3946 istis
789 3879 948 3969 fiaepe
1009 3879 1285 3963 audivi,
1335 3867 1496 3946 cum
1548 3875 1889 3964 dicerent,
1939 3871 2325 3964 pergratum
2384 3870 2821 3938 Athenienses
2879 3875 2946 3940 &
3010 3871 3120 3942 fibi
3170 3875 3269 3944 fe-

273 3983 432 4050 ciss‘e
467 4031 492 4064 ,
563 3980 634 4048 δε
691 3983 924 4050 multis
973 3977 1369 4068 principibus
1451 3977 1736 4045 civitatis
1778 4032 1799 4063 ,
1870 3979 2046 4066 quod
2091 4029 2110 4060 ,
2160 3969 2317 4041 cuin
2372 3971 2455 4038 ad
2521 3971 2817 4040 senatum
2874 3973 3133 4062 legatos
3184 3977 3267 4043 de

272 4082 414 4148 suis
467 4081 780 4148 maximis
839 4078 1027 4150 rebus
1081 4069 1460 4164 mitterent,
1509 4095 1638 4146 tres
1687 4077 1873 4146 illius
1924 4077 2126 4148 aetatis
2184 4071 2601 4142 nobiliffimos
2673 4071 3084 4164 philosophos
3140 4079 3268 4142 mi·
3370 4107 3377 4112 ·

275 4184 536 4279 snserit,
607 4191 808 4272 (51)
861 4179 1270 4252 Carneadem
1307 4233 1332 4266 ,
1383 4182 1452 4248 ὅ(
1507 4179 1880 4250 Critolaum
1917 4233 1937 4268 ,
2006 4183 2077 4251 ὃ(
2138 4175 2547 4264 Diogenem.
2605 4177 2838 4265 Itaque
2885 4197 3045 4262 εοε,
3093 4177 3264 4246 dum

3026 4284 3161 4346 Ro-

252 4459 3268 4527 *Qu—fl

255 4528 3267 4555 mm

337 4655 516 4722 (51)
557 4653 936 4716 carneadem,
971 4651 1042 4719 ό·
1085 4652 1398 4710 Critolaum
1421 4691 1437 4717 ‚
1470 4649 1540 4719 ό·
1577 4655 1712 4708 Dio·
1815 4649 2140 4710 dissensione
2177 4650 2443 4707 traditur.
2480 4649 2695 4708 Gellius
2730 4695 2744 4717 ,
2801 4653 2897 4711 lib.
2938 4671 3111 4709 xvu-
3140 4651 3262 4720 cap:

261 4731 520 4792 genem)
558 4724 742 4794 Legati
781 4725 1008 4800 ¹Romam
1047 4722 1288 4781 Athenis
1343 4721 1480 4780 miffi
1535 4720 1660 4780 sunt
1695 4764 1712 4791 ,
1815 4723 1916 4780 ult.
1956 4721 2050 4779 sub
2087 4722 2309 4790 bellurn*⁸
2342 4721 2600 4782 Punicum
2651 4723 2883 4784 atterum·
2932 4723 3057 4780 illos
3090 4718 3262 4776 adve-

271 4794 357 4849 uti
392 4795 626 4850 multam
665 4792 868 4850 remitti
908 4795 1119 4852 civitati
1153 4815 1406 4866 peterent
1440 4795 1715 4868 quingen-
1816 4791 1949 4852 niss‘e
1987 4793 2152 4852 refert
2188 4813 2212 4858 3
2268 4815 2325 4851 ac
2363 4795 2721 4866 posteriorem
2772 4813 2959 4852 eornm
3010 4790 3255 4848 adventu

276 4883 475 4942 torum⁶
504 4865 764 4924 talentum
786 4906 802 4928 ,
838 4881 992 4938 quam
1025 4865 1218 4924 fecerat
1257 4885 1486 4940 propter
1520 4864 1718 4938 Oropi
1816 4863 1943 4924 facit
1981 4867 2223 4924 Ennium
2248 4908 2271 4930 ,
2307 4867 2452 4938 quod
2488 4887 2593 4936 ego
2626 4865 2818 4924 falsum.
2865 4861 3137 4920 arbitror:
3182 4857 3257 4916 si-

282 4938 640 4994 vastationem
669 4979 686 5003 ,
739 4936 1010 5012 Sicyoniis
1057 4937 1430 4996 damnantibus
1461 4980 1480 5003 ,
1529 4939 1716 5011 quibus
1816 4937 2040 5013 quidem
2076 4936 2214 4994 obiit
2254 4937 2463 4994 Ennius
2500 4957 2649 4994 anno
2689 4939 2770 4996 U.
2808 4937 2889 4992 C.
2912 4931 3259 5008 DLxxxv.

281 5008 432 5069 illius
469 5005 634 5066 caufae
670 5007 930 5077 judicium
965 5027 993 5066 a
1029 5011 1223 5068 Senatu
1254 5006 1568 5082 permifl'um
1606 5008 1720 5067 fue-
1817 5013 1901 5069 At
1937 5009 2144 5066 Cicero
2179 5007 2283 5072 (in
2325 5009 2549 5066 Lucullo
2583 5027 2698 5077 cap.
2737 5012 2871 5076 45.)
2909 5003 3247 5070 leg³t¹0⁴1em

281 5101 402 5140 rat.
447 5079 756 5158 Legationis
794 5081 943 5142 illius
1001 5099 1206 5156 tempus
1255 5083 1390 5140 mira
1442 5083 1716 5140 aufiorum
1821 5081 1972 5140 illam
2005 5079 2225 5152 affignat
2262 5081 2324 5138 P.
2358 5079 2605 5152 Scipioni
2642 5081 2798 5134 &M.
2816 5071 3076 5133 Marcello
3096 5069 3257 5154 Coss.

3088 5163 3185 5216 qut
