4359 6321
1226 474 1415 609 34⁶
2033 450 2273 549 DE
2392 442 3181 543 CLARIS·

1078 560 1456 683 ‘nunquam
1507 585 1824 677 frigidum
1866 631 1890 668 ,
1959 576 2297 650 interdum
2348 576 2553 643 etiam
2609 574 2903 645 facetum
2941 618 2959 638 .
3031 572 3098 637 Is
3154 562 3501 653 laborem,
3553 564 3737 658 quasi
3792 564 4121 665 cursum,

1103 697 1440 765 forensem
1513 688 1758 757 diutius
1830 704 1964 751 non
2013 678 2176 749 tulit
2214 732 2236 766 ,
2305 674 2483 767 quod
2552 679 2625 748 &
2684 694 2959 761 corpore
3034 688 3175 739 erat
3229 668 3505 737 infirmo
3548 717 3569 755 ,
3622 672 3695 741 δε
3752 666 4117 749 hominum

1105 798 1384 889 ineptias
1441 812 1516 859 ac
1571 786 1872 859 stultitias
1912 839 1933 873 ,
1983 806 2128 875 quaa
2179 776 2561 849 devorandae
2639 774 2827 845 nobis
2900 772 3048 841 sunt
3091 824 3115 858 ,
3168 791 3302 836 non
3352 768 3647 858 ferebat,
3702 773 4115 846 iracundius.

1101 920 1232 989 que
1284 888 1673 983 respuebat,
1726 887 1866 956 five
1915 881 2209 969 morose,
2256 898 2335 949 ut
2390 880 2795 972 putabatur,
2871 876 3005 941 five
3058 876 3353 961 ingenuo
3424 868 3765 962 liberoque
3818 874 4109 950 fastidio.

1105 1002 1174 1067 Is
1226 1018 1388 1067 cum
1445 994 1598 1061 satis
1657 989 1967 1059 floruilset
2023 982 2447 1069 adolescens,
2494 982 2725 1049 minor
2776 973 3003 1043 haberi
3052 973 3145 1043 est
3196 990 3461 1063 coeptus
3515 974 3729 1063 postea
3772 1020 3789 1040 .
3848 978 4123 1053 Deinde

1101 1118 1189 1166 ex
1246 1098 1591 1186 virginum
1651 1091 1893 1173 judicio
1939 1106 2034 1184 (2
2065 1096 2154 1172 7)
2208 1104 2529 1175 magnam
2585 1084 2853 1151 laudem
2904 1076 2999 1143 est
3048 1075 3326 1166 adeptus
3375 1130 3395 1162 ,
3464 1078 3535 1147 ὅ(
3590 1098 3675 1147 ex
3725 1096 3803 1143 eo
3856 1094 4119 1171 tempo-

1106 1220 1176 1266 re
1229 1200 1410 1289 quali
1465 1212 1810 1261 revocatus
1881 1194 1948 1259 in
2003 1188 2279 1259 cursum
2318 1239 2340 1272 ,
2413 1185 2625 1252 tenuit
2698 1184 2931 1252 locum
2982 1194 3125 1245 tarn
3174 1178 3287 1246 diu
3328 1232 3351 1264 ‚
3404 1200 3610 1269 quain
3666 1179 3841 1247 ferre
3889 1186 4113 1269 potuit

1106 1300 1448 1367 laborem:
1499 1294 1748 1384 postea,
1803 1310 2128 1384 quantum
2185 1286 2475 1354 detraxit
2530 1306 2615 1352 ex
2668 1284 2924 1367 stadie,
2979 1296 3239 1348 tantum
3296 1282 3510 1347 amisit
3556 1301 3645 1347 ex
3696 1282 3951 1369 gloria.

1209 1404 1276 1465 P.
1335 1402 1640 1465 Muraena
1711 1400 1922 1482 (28)
1974 1390 2291 1457 mediocri
2352 1388 2665 1474 ingenio,
2718 1384 2823 1453 sed
2876 1404 3126 1471 magno
3186 1381 3392 1451 studio
3448 1404 3671 1451 rerum
3728 1401 4023 1455 veterum
4072 1414 4101 1455 a

1095 1501 1458 1569 'literarum
1513 1500 1582 1565 &
1639 1491 1967 1557 studiosus
2039 1493 2110 1560 δι
2188 1511 2323 1555 non
2378 1490 2777 1575 imperitus:
2863 1486 3089 1553 multae
3148 1484 3472 1553 industriae
3510 1538 3533 1570 ,
3588 1488 3657 1555 δε
3716 1489 3944 1573 magni
3996 1489 4099 1557 12-

1115 1600 1289 1668 boris
1347 1598 1501 1663 fuit.
1553 1600 1629 1660 C.
1680 1590 2091 1661 Censorinus
2142 1600 2350 1674 (29)
2406 1592 2657 1656 Graecis
2715 1588 2927 1654 literis
2982 1585 3137 1652 satis
3190 1584 3478 1653 def-tus:
3530 1584 3707 1675 quod
3758 1590 4105 1673 proposue-

1106 1720 1248 1782 rat,
1303 1696 1644 1780 explicans
1705 1691 2047 1779 expedite.-
2105 1712 2239 1757 non
2298 1689 2694 1757 invenustus
2746 1688 2981 1774 aCtor,
3039 1684 3143 1755 sed
3196 1688 3418 1772 iners,
3492 1690 3561 1757 ὅ(
3618 1686 3933 1755 inimicus
4004 1689 4111 1759 fo-

1105 1804 1202 1866 ri.
1258 1802 1337 1863 L.
1387 1794 1646 1863 Turius
1699 1802 1723 1879 (
1769 1804 1909 1880 30)
1987 1812 2191 1881 parvo
2262 1792 2531 1880 ingenio
2570 1842 2591 1876 ,
2666 1789 2775 1857 sed
2830 1790 3051 1857 multo
3104 1786 3361 1869 labore,
3412 1794 3680 1879 'quoquo
3732 1790 3933 1856 modo
3984 1814 4117 1879 po-

1110 1914 1276 1967 terat
1307 1949 1326 1980 ,
1379 1894 1534 1982 saepe
1581 1894 1879 1962 dicebat.
1943 1898 2174 1983 ltaque
2224 1894 2281 1959 ei
2338 1913 2555 1981 paucae
2607 1894 2919 1959 centuriae
2977 1888 3061 1957 ad
3113 1888 3543 1959 consulatum
3596 1888 3985 1960 defuerunt.
4090 1957 4098 1965 ,

1213 2006 1289 2065 C.
1346 1999 1570 2062 Macer
1628 2007 1826 2079 (3¹)
1886 1996 2268 2065 auctoritate
2324 1994 2579 2081 semper
2634 1998 2823 2081 eguit
2856 2045 2875 2077 ,
2929 1990 3037 2058 sed
3092 1990 3217 2059 fuit
3272 2008 3583 2079 patronus
3621 1992 4115 2079 propemodum

1107 2096 1672 2187 diligentiffimus:
1727 2096 1924 2176 hujus
1979 2097 2022 2163 fi
2085 2098 2261 2178 vita,
2316 2096 2359 2161 si
2414 2116 2679 2180 mores,
2730 2094 2777 2161 fi
2834 2095 3057 2163 vultus
3108 2093 3387 2190 denique
3428 2116 3557 2160 non
3598 2114 3871 2161 omnem
3908 2116 4119 2163 com..

1108 2198 1602 2271 mendationem
1658 2198 1908 2287 ingenii
1962 2213 2321 2281 everteret,
2376 2198 2588 2273 maius
2656 2216 2897 2265 nomen
2958 2196 3024 2261 in
3080 2196 3369 2284 patronis
3422 2195 3631 2263 fuisset
3666 2242 3681 2260 .
3740 2198 3889 2262 Non
3942 2212 4113 2263 erat

1113 2301 1500 2384 abundans,
1555 2320 1681 2365 non
1735 2302 1922 2387 inops
1974 2316 2197 2367 tamen
2242 2323 2261 2363 z
2314 2320 2447 2365 non
2506 2298 2695 2364 valde
2754 2298 3011 2380 nitens,
3064 2316 3193 2362 non
3246 2298 3439 2385 plane
3484 2296 3739 2369 horrida
3794 2299 4001 2363 oratio
4050 2319 4103 2367 ‹0-

1111 2426 1288 2488 vox,
1337 2402 1558 2491 gestus
1597 2452 1618 2486 ,
1668 2403 1736 2471 δι
1795 2402 2012 2468 omnis
2070 2400 2240 2467 ac‘tio
2309 2400 2439 2467 sine
2498 2399 2715 2485 lepore
2758 2422 2780 2461 .-
2838 2416 2905 2465 at
2960 2400 3025 2463 in
3082 2398 3481 2467 inveniendis
3521 2424 3541 2491 ;
3588 2396 4117 2483 componendis-

1107 2524 1238 2595 que
1295 2504 1478 2569 rebus
1539 2503 1704 2567 mira
1760 2503 2150 2587 accuratio,·
2210 2518 2283 2565 ut
2340 2522 2467 2565 non
2527 2499 2723 2567 facile
2780 2503 2849 2566 in
2902 2498 3041 2565 ullo
3090 2500 3580 2587 diligentiorem
3640 2498 4115 2587 majoremque

1107 2604 1579 2689 cognoverim,-
1639 2600 1742 2667 sed
1792 2622 1940 2669 eain
1995 2622 2070 2668 ut
2119 2594 2315 2668 citius
2367 2602 2889 2682 veteratoriam,
2940 2622 3142 2688 quarn
3190 2602 3551 2668 oratoriam
3600 2600 3849 2666 diceres
3886 2646 3903 2663 .
3962 2600 4117 2669 Hic

1109 2702 1222 2773 etsi
1275 2704 1471 2767 etiam
1527 2703 1592 2767 in
1651 2699 1928 2789 publicis
1975 2701 2189 2800 causis
2260 2699 2656 2791 probabatur
2696 2754 2719 2790 ,
2768 2702 3117 2793 tamen-in
3167 2702 3444 2791 privatis
3508 2699 4118 2771 illustriorem-ob·-

1113 2804 1358 2874 tinebat
1417 2805 1680 2874 locum.

1212 2904 1538 2975 vam.
1591 2907 1666 2971 C.
1719 2901 1953 2985 deinde
2005 2903 2154 2973 Piso
2204 2922 2351 2999 (3²
2382 2916 2455 2997 ),
2506 2904 2851 2991 statarius,
2897 2906 2969 2974 δε
3026 2901 3340 2979 sermonis
3379 2902 3617 2993 plenus
3656 2919 3921 2991 orator,
3971 2907 4107 2975 mi-

3816 3026 3990 3073 nime

1179 3361 1209 3418 (
1235 3363 1345 3424 27)
1395 3367 1480 3417 Ex
1517 3364 1810 3427 virginum
1843 3363 2050 3430 judicio
2087 3366 2114 3427 )
2169 3363 2297 3420 Post
2333 3383 2555 3435 quarum
2657 3363 2915 3420 Marianae
2970 3357 3187 3418 factioni
3256 3357 3495 3417 addifi'us
3532 3401 3551 3425 ,
3616 3362 3731 3418 Cn.
3786 3361 4105 3422 oetas-ium

1111 3427 1510 3488 absolutionem
1549 3431 1781 3489 decimus
1813 3453 1981 3490 annus
2019 3431 2120 3492 fuit
2161 3434 2221 3490 in
2261 3435 2556 3493 Ciceronis
2655 3431 2937 3492 consulein
2974 3432 3175 3491 occidit
3203 3473 3220 3497 ,
3256 3437 3311 3489 δε
3353 3428 3467 3503 ipse
3509 3429 3729 3488 vi'ciffim
3766 3430 3975 3490 occisus
4012 3433 4107 3493 est

1115 3497 1394 3557 consulatu
1428 3543 1447 3567 ‚
1499 3521 1558 3558 ut
1595 3522 1671 3559 ait
1713 3505 1769 3560 i'n
1809 3504 1975 3562 Orat.
2017 3509 2130 3564 111.
2204 3505 2259 3560 in
2316 3507 2553 3564 Catilin.
2658 3502 2881 3562 reverso
2918 3505 3101 3574 Sylla,
3138 3523 3284 3561 anno
3326 3503 3675 3562 Del-XXII.
3712 3501 3973 3566 Pruffeus
3998 3542 4016 3559 .

1109 3569 1398 3649 Accusatus
1454 3575 1602 3629 enirn
1652 3573 1754 3644 fuit
1811 3575 2058 3633 Catilina
2091 3569 2353 3640 'incesti5
2408 3575 2555 3649 quod

1110 3659 1234 3697 curn
1269 3642 1419 3697 Fabia
1473 3643 1692 3714 virgine
1749 3646 1950 3704 Vestali
2004 3645 2327 3704 commifisse
2363 3669 2553 3718 argue-

1119 3712 1306 3792 batur:
1351 3709 1445 3790 sed
1483 3715 1668 3772 Catuli
1711 3717 1876 3788 gratia
1917 3717 2078 3776 fultus
2113 3718 2321 3789 evafits
2360 3738 2420 3776 ut
2457 3721 2549 3780 O-

1111 3783 1278 3862 folius
1336 3782 1429 3840 lib.
1469 3803 1556 3844 vt.
1592 3805 1704 3857 cap.
1742 3809 1793 3862 3·
1833 3785 2016 3846 scribit
2061 3830 2078 3848 .
2132 3789 2235 3848 Sed
2287 3795 2341 3849 δι
2398 3791 2550 3850 Fabia

1111 3871 1130 3910 ι
1175 3851 1227 3932 la
1265 3853 1464 3913 causam
1519 3857 1708 3920 incesti
1747 3859 1958 3916 dixerat
1991 3901 2009 3926 ,
2047 3879 2168 3918 cum
2208 3861 2257 3916 ei
2299 3863 2550 3933 Catilina

1105 3927 1438 4053 ἲοξὲξτέἒαυι·
1455 3949 1734 4056 ’Yon-‚tque
1773 3929 2006 4060 agsoluta
2029 3930 2162 4010 haec
2202 3932 2351 4012 Fabia
2368 3935 2549 4061 >42¹¹st

1107 4065 1229 4147 nius
1260 4106 1275 4123 .
1317 4018 1749 4140 vii-gin‘ie'serirtelxssi
1788 4021 2546 4151 ἰέἕὲἳξιςάοῑὲηῗξιπωῖἶ

1109 4153 1198 4195 vit
1233 4179 1251 4204 ,
1309 4145 1366 4198 &t
1422 4145 1501 4200 Μ.
1555 4143 1701 4200 Cato
1754 4141 1999 4200 defendit
2038 4185 2055 4209 ,
2107 4164 2167 4203 ut
2224 4147 2543 4205 Plutarchus

1108 4205 1173 4266 in
1210 4211 1429 4270 Catone
1468 4211 1654 4270 scribit
1697 4253 1713 4270 .
1749 4218 1819 4274 In
1859 4234 1926 4272 eo
1959 4215 2167 4285 judicio
2204 4220 2283 4275 M.
2320 4217 2413 4276 hic
2452 4219 2545 4277 Pi-

1103 4275 1180 4410 εὖ
1225 4301 1470 4354 magnam
1523 4285 1736 4344 laudem
1783 4285 1859 4344 est
1895 4285 2116 4360 adeptus
2147 4331 2165 4357 ,
2202 4307 2263 4348 ut
2299 4287 2390 4348 hic
2427 4291 2540 4364 ait,

1181 4371 1264 4408 em
1286 4393 1300 4408 .

1177 4427 1345 4500 (28)
1384 4433 1443 4480 P.
1481 4434 1730 4506 Munna
1754 4433 1788 4508 ⁴)
1843 4433 1904 4490 P.
1943 4429 2187 4491 Licinius
2242 4435 2487 4493 Muraena
2525 4475 2543 4502 ,

1101 4509 1194 4571 qui
1238 4491 1470 4552 sublatus
1511 4497 1648 4556 infra
1693 4499 1852 4558 fuisse
1889 4502 2092 4562 dicitur
2127 4528 2141 4562 :
2182 4523 2329 4574 culus
2366 4505 2541 4564 histo·

1101 4581 1240 4622 siam
1297 4585 1542 4637 quaerent
1594 4569 1686 4628 alii
1726 4611 1743 4627 .
1801 4577 1918 4634 Nos
1973 4575 2114 4646 apud
2171 4579 2407 4634 Macrob.
2445 4577 2542 4634 lib.

1114 4651 1236 4693 arr.
1279 4639 1490 4694 Satura.
1531 4639 1838 4702 invenimus
1873 4686 1892 4712 ,
1943 4646 2253 4703 Varronem
2288 4645 2543 4703 asseruis-

1100 4703 1160 4763 se
1187 4749 1204 4773 ,
1271 4708 1462 4766 eodem
1501 4713 1667 4792 inodo
1705 4717 1950 4772 Licinius
2001 4717 2297 4788 appellatos
2336 4722 2541 4776 Μαι-κ-

1103 4795 1247 4860 ³3²⁸».
1291 4800 1362 4837 uo
1400 4783 1612 4856 Sergius
1651 4793 1884 4844 Aurata
1907 4805 2354 4854 cognominatus3
2390 4787 2538 4858 quod

1103 4867 1250 4978 ἕπει
1279 4871 1400 4984 cle-1³³,
1437 4873 1528 4928 qui
1565 4875 1754 4913 aurate
1796 4855 2379 4986 {⁹⁰8²9‘u'fk1‘22‘g313m3
2424 4854 2537 4940 fue-

1165 4957 1266 4980 ..
1437 4946 1464 4981 c
1537 4945 1722 4982 eem
1823 4946 2023 4982 eeain
2075 4945 2178 4982 uis

1116 4991 1281 5064 Orat.
1317 4947 1432 5066 ρτὲ
1459 4947 1702 5056 Νῗιιιῗετηει
1737 4945 1967 5054 τειὶατιῖτ
1990 5038 2006 5053 .
2047 4948 2231 5055 Ideme.
2289 4947 2435 4986 ἀτο
2472 4949 2535 4990 m

1173 5067 1286 5154 {ap
1310 5073 1336 5135 )
1377 5075 1439 5127 C.
1459 5067 1780 5143 Censorinus
1800 5075 1826 5138 )
1845 5069 2091 5143 Quaestor
2106 5089 2197 5130 an.
2210 5071 2537 5144 DCLXIV.

2654 3576 3469 3706 sciiiffi⁰³01²iiaff“{:‘.'‡‡.31..f'⁶
3512 3591 3621 3642 ‘¹²¹⁰
3671 3571 3818 3629 ”³¹⁵¹
3855 3612 3875 3640 ⁹
3929 3573 4105 3646 ‘¹⁰⁰³

2726 3687 2892 3796 (μ’)
2934 3727 2995 3783 C.
3040 3725 3278 3781 Macer)
3330 3718 3403 3774 C.
3444 3713 3679 3795 Lici-nius
3728 3718 3913 3774 Macer
3951 3757 3969 3782 ,
4022 3716 4105 3776 de

2650 3791 2979 3864 quoCi'cero
3016 3808 3223 3862 praetor
3249 3787 3563 3847 incredibili
3604 3805 3659 3841 ac
3688 3785 3945 3858 singulari
3985 3808 4099 3860 po-

2649 3863 2769 3933 puli
2827 3861 3111 3918 voluntate
3149 3857 3417 3929 transegit
3455 3900 3468 3913 .
3528 3861 3827 3918 Damnatus
3882 3858 3961 3916 est
3994 3879 4098 3918 au-

2650 3951 2799 3996 tem,
2835 3951 2895 3988 ut
2938 3937 3240 4004 κανίμινος
3292 3931 3526 4004 κλοπῗς
3572 3975 3587 3997 ,
3636 3949 3695 3988 ut
3732 3933 3807 4004 :ijt
3846 3933 3988 3989 Plut.
4029 3933 4097 3990 in.

2648 4005 2930 4061 Cicerone
2974 4047 2989 4070 ‚
3042 4002 3100 4084 id
3138 4007 3215 4062 est
3252 4007 3680 4080 repetundarum
3717 4045 3734 4069 ,
3783 4021 3844 4060 ut
3896 3999 4093 4062 scribit

2648 4074 2833 4132 Valer.
2874 4077 3019 4135 Max.
3066 4077 3158 4134 lib.
3208 4097 3290 4134 rx.
3327 4097 3443 4144 cap.
3488 4097 3569 4132 n..
3606 4076 3789 4136 Idem.

2716 4150 2831 4221 (32
2854 4151 2882 4208 )
2920 4155 2984 4205 C·
3030 4146 3149 4220 Piso
3181 4154 3209 4211 )
3248 4150 3321 4206 C.
3362 4147 3697 4220 Calpurnius
3728 4141 3851 4202 Piso
3886 4184 3904 4210 ‚
3960 4161 4077 4216 quo

2688 4237 2886 4298 raetore
2910 4221 3121 4278 Cicero
3157 4223 3225 4296 Q.
3246 4215 3432 4281 Roscii
3471 4217 3707 4298 comoedi
3739 4211 3939 4273 causam
3976 4217 4087 4274 de·-

2672 4290 2827 4370 endit
2866 4333 2883 4356 ,
2937 4311 3203 4368 quemque
3260 4292 3314 4348 in
3356 4289 3503 4348 causa
3546 4294 3787 4370 Caectnae
3822 4285 4087 4346 adversa-

2646 4381 2787 4420 rium
2844 4361 3031 4432 habuit
3068 4405 3083 4421 .
3144 4369 3196 4422 ls
3247 4381 3370 4421 curn
3414 4367 3507 4420 M’.
3547 4361 3851 4420 Glabrione
3888 4359 4087 4420 consul

2646 4431 2750 4492 fuit
2784 4473 2803 4500 ,
2836 4455 2984 4491 anno
3020 4435 3084 4492 ab
3122 4435 3204 4496 U.
3244 4437 3319 4494 C.
3362 4433 3836 4492 DCLXXXVII.
3875 4437 3928 4490 δε
3971 4451 4085 4492 tum

2646 4508 2963 4578 pompeium
3006 4507 3185 4564 voluit
3221 4505 3540 4578 impedire,
3591 4524 3661 4562 ne
3698 4502 3959 4562 adversus
3994 4506 4083 4577 pi-

2647 4595 2779 4634 ratas
2816 4572 3289 4646 proficisceretur.
3324 4581 3480 4636 Tunc
3518 4577 3687 4634 etiam
3728 4577 3905 4647 legem
3942 4575 4085 4635 Cal-

2642 4645 2893 4720 purniam
2929 4644 2997 4702 de
3032 4648 3235 4714 ambitu
3274 4649 3405 4708 tulit
3430 4691 3446 4715 ‚
3482 4650 3539 4705 in
3578 4669 3677 4724 qua
3716 4667 3917 4720 praeter
3952 4648 4083 4727 alias

2682 4792 2721 4846 it
2740 4719 3420 4848 Rafc‘p‘ffffisniageiagluogge
3454 4719 3533 4776 est
3568 4721 3769 4800 adjecta
3788 4716 4083 4852 ,ou-:serg

2644 4853 2921 4919 Muraena.
2961 4832 3146 4922 Po'stea
3182 4811 3851 4944 prggonsttiieiiif‘galll‘iam
3882 4811 4089 4936 piti’fe-

2639 4933 2751 4988 ἕως
2788 4932 2864 4988 est
2889 4973 2907 4998 ,
2948 4925 3043 4989 sed
3078 4933 3297 4992 domum
3330 4956 3450 4994 cum
3488 4933 3770 5003 rediisset,
3812 4955 4083 5008 repetun-

2639 5001 2826 5060 darum
2866 5003 3161 5076 postulatus
3195 5009 3272 5064 est
3312 5049 3330 5075 ‚
3385 5013 3441 5066 δ(
3480 5029 3506 5066 a
3544 5011 3615 5066 C.
3655 5009 3815 5082 Julio
3852 5003 4077 5086 Caesare

2638 5091 2984 5150 oppugnatus
3014 5095 3248 5154 propter
3282 5079 3553 5154 eujusdam
3570 5077 3947 5164 Transpadani
3986 5095 4081 5136 in·

3914 5167 4003 5220 iu-
