4359 6321
1108 450 1422 577 {332
1646 475 1653 483 ·
2000 428 3125 529 DECLARJS

1107 594 1340 645 omnes
1394 566 1665 658 probent
1698 610 1718 632 .
1787 562 1904 633 An
1953 572 2027 626 tu
2063 606 2088 643 ‚
2133 554 2353 647 inquit
2391 604 2413 640 ,
2478 550 2543 617 id
2596 548 2855 618 laboras
2894 602 2917 637 ,
2966 548 3015 616 fi
3066 551 3231 620 huic
3276 548 3477 619 modo
3524 546 3745 619 Bruto
3790 555 4115 647 probatu.

1109 694 1418 843 ruspssze
1458 821 1483 858 ,
1529 773 1810 861 inquam
1847 818 1868 853 ,
1915 762 2145 831 Attice
2183 812 2205 846 ,
2270 750 2777 845 disputationem
2829 754 3002 823 hanc
3056 755 3134 821 de
3188 750 3835 842 oratore-probando
3882 815 3904 851 ,
3976 778 4109 835 aut

1109 872 1584 966 improbando,
1635 868 1848 941 multo
1899 865 2138 933 malim
2182 856 2347 945 tibi,
2398 860 2712 929 &Bruto
2760 854 3056 941 placere:
3109 855 3567 943 eloquentiam
3604 876 3829 929 autem
3880 886 4115 937 meam.

1108 977 1356 1073 populo
1406 972 1665 1064 probari
1719 971 1918 1038 velim
1957 1016 1972 1035 .
2031 962 2296 1030 Etenim
2346 958 2589 1027 necesse
2636 955 2725 1023 est
2768 1010 2790 1044 ,
2840 958 2950 1046 qui
3004 957 3095 1021 ita
3149 957 3324 1023 dicat
3364 1008 3386 1045 ,
3457 976 3534 1025 ut
3582 984 3622 1029 a
3675 963 4113 1039 multitudine

1107 1078 1416 1169 probetur
1457 1129 1478 1164 ,
1543 1072 1830 1141 eundern
1879 1069 2088 1137 doctis
2142 1062 2403 1154 probari
2443 1106 2459 1125 .
2512 1064 2695 1126 Nam
2738 1108 2760 1145 ,
2811 1055 2967 1146 quid
3020 1058 3089 1123 in
3138 1058 3425 1127 dicendo
3476 1060 3739 1131 retium
3794 1065 3871 1133 fit
3916 1120 3938 1153 ‚
3991 1086 4111 1138 aut

1107 1174 1397 1271 pt'avum
1441 1230 1462 1263 ‚
1507 1196 1633 1263 ego
1685 1168 2040 1256 judicabo,
2095 1166 2140 1233 fi
2194 1160 2395 1235 modo
2448 1160 2507 1225 is
2556 1158 2703 1227 sum
2743 1213 2763 1246 ,
2814 1162 2936 1248 qui
2984 1156 3047 1223 id
3097 1160 3323 1246 possim
3362 1216 3383 1249 ,
3432 1178 3551 1229 aut
3602 1162 3805 1233 seiam
3861 1169 4111 1247 judica.

1103 1302 1225 1353 ret
1279 1278 1497 1373 qualis
1551 1294 1710 1341 vero
1767 1274 1846 1341 fit
1899 1286 2120 1339 orator
2157 1316 2182 1352 0
2230 1285 2321 1333 ex
2368 1281 2450 1327 eo
2488 1310 2509 1347 ,
2558 1264 2731 1351 quod
2784 1260 2837 1326 is
2890 1260 3169 1329 dicendo
3213 1262 3452 1333 efficiet
3496 1318 3517 1349 ‚
3570 1270 3801 1352 poterit
3856 1270 4109 1345 intelli-

1106 1380 1180 1474 gi
1218 1431 1236 1453 .
1287 1382 1452 1447 Tria
1505 1377 1658 1445 sunt
1710 1376 1892 1443 enim
1969 1384 2098 1459 (ut
2149 1366 2422 1456 quidem
2473 1382 2602 1452 ego
2652 1362 2908 1448 sentio)
2990 1384 3135 1453 quae
3206 1362 3335 1431 fint
3382 1365 3725 1435 efficienda·
3768 1369 4039 1441 dicendo
4080 1402 4109 1443 ε

1102 1500 1178 1554 ut
1235 1480 1550 1553 docentus
1605 1477 1660 1543 is
1702 1526 1736 1559 „
1775 1472 1946 1561 apud
1995 1488 2201 1560 quem
2248 1464 2495 1532 dicetur
2534 1517 2554 1550 ,
2605 1480 2679 1531 ut
2726 1464 3087 1532 delectetur
3124 1518 3146 1551 ‚
3216 1482 3290 1533 ut
3340 1488 3691 1539 moveatur
3752 1474 4111 1543 vehemen-

1105 1586 1273 1653 tius.
1335 1581 1594 1665 Qibus
1647 1571 2004 1641 virtutibus
2061 1568 2335 1638 oratoris
2384 1566 2625 1635 horum
2678 1566 2974 1658 quidque
3007 1568 3339 1636 efficiatur
3378 1624 3401 1658 ‚
3468 1587 3583 1639 aut
3632 1571 3870 1662 quibus
3922 1577 4116 1647 vitiis·

1110 1703 1330 1755 orator
1389 1696 1502 1751 aut
1555 1698 1688 1745 non
1743 1674 2108 1766 affequatur
2159 1671 2339 1757 haec,
2388 1687 2501 1735 aut
2550 1669 2762 1738 etiam
2812 1669 2885 1735 in
2935 1668 3039 1736 his
3093 1669 3391 1760 labatur,
3442 1676 3513 1743 δε
3570 1676 3810 1761 cadat,
3862 1678 4111 1747 artifex

1107 1784 1356 1875 aliquis
1409 1778 1730 1862 judicabit
1765 1824 1782 1845 .
1835 1777 2168 1847 Efficiatur
2225 1788 2450 1841 autem
2501 1770 2597 1837 ab·
2633 1788 2893 1839 oratore
2933 1822 2957 1857 ,
3006 1791 3211 1841 necne
3249 1826 3270 1859 ,
3318 1790 3391 1842 ut
3440 1777 3530 1861 ii,
3578 1780 3695 1867 qui
3746 1777 4033 1847 audiunt
4080 1832 4115 1869 ,
4202 1849 4211 1872 ,

1104 1890 1200 1959 ita
1245 1884 1659 1972 afficiantur,
1707 1896 1784 1949 ut
1839 1896 2062 1948 orator
2121 1876 2283 1945 velit
2324 1902 2349 1963 ‚·
2406 1873 2599 1963 vuigi
2651 1872 2943 1961 affensu,
2992 1877 3065 1945 δε
3124 1878 3420 1965 populari
3474 1879 3947 1965 approbatione
4002 1884 4111 1961 ju..

1103 1988 1310 2057 dicari
1367 1982 1528 2053 solet
1566 2032 1588 2053 .
1671 1989 1898 2072 [taque
1951 1998 2297 2068 nunquam
2348 1976 2431 2044 de
2482 1976 2661 2045 bono
2702 1989 2967 2044 oratore
3011 2029 3043 2062 ,.
3082 1994 3197 2045 aut
3252 2000 3387 2047 non
3441 1976 3617 2046 bono
3651 2030 3689 2067 ,‚
3724 1981 3949 2051 doffls-
3986 1984 4109 2055 ho-

1106 2087 1402 2159 minibus
1451 2106 1614 2157 cum
1665 2086 1908 2176 populo
1955 2082 2247 2151 diffenfio
2298 2080 2468 2147 fuit.

1209 2192 1319 2258 An
1371 2187 1634 2276 censet,
1687 2187 1850 2255 dum
1903 2185 2003 2252 illi
2059 2185 2463 2271 viguerunt,
2514 2200 2689 2269 quos
2734 2195 2888 2247 ante
2928 2179 3125 2267 dixi,
3160 2204 3291 2250 non
3338 2180 3601 2251 eosdem
3648 2183 3897 2274 gradus
3942 2200 4116 2252 ora·-

1105 2310 1340 2361 torum
1395 2290 1582 2381 vulgi
1638 2288 1883 2367 iudicio
1927 2340 1947 2375 ,
1999 2288 2068 2355 δε
2125 2284 2479 2351 donorum.
2526 2282 2708 2350 fuiffe
2750 2284 2777 2347 ἓ
2852 2284 2955 2348 De
3010 2288 3252 2371 populo
3304 2285 3349 2353 fi
3397 2304 3597 2375 quem
3642 2286 3735 2351 ita
3786 2285 4121 2375 rogavisss

1102 2394 1462 2480 sts,.2u1·s
1515 2391 1600 2472 est
1659 2399 1728 2457 in
1781 2388 1897 2457 hac
1955 2396 2232 2455 civitate
2283 2383 2895 2471 eloquentifflmus?
2927 2388 3009 2451 In
3064 2388 3361 2454 Antonio
3410 2390 3479 2457 &
3534 2388 3755 2455 Crasso
3808 2405 3923 2455 aut
3974 2387 4117 2460 du-

1102 2495 1381 2581 bitaret,
1432 2506 1547 2559 aut
1597 2492 1776 2563 hunc
1831 2490 2042 2577 aliuS,
2090 2488 2290 2556 illum
2342 2486 2509 2554 alius
2562 2486 2845 2555 diceret.
2920 2489 3224 2557 Nemone
3276 2488 3653 2577 Philippum
3694 2539 3714 2572 ,
3762 2505 3919 2555 toemz
3956 2488 4119 2557 sua-

1104 2616 1260 2663 vem
1308 2608 1644 2661 oratorem
1680 2644 1702 2681 ,
1751 2610 1888 2659 tam
1941 2611 2229 2681 gravem
2269 2644 2289 2678 ,
2343 2605 2487 2656 tam
2542 2588 2841 2656 facetum
2894 2638 2917 2673 ‚
2964 2589 3069 2658 his
3118 2590 3528 2679 anteferret,
3574 2610 3771 2680 quem
3822 2589 4116 2659 nosmet-

1103 2694 1221 2783 ipfi
1268 2745 1291 2779 ‚
1363 2696 1478 2783 qui
1527 2693 1662 2762 haec
1717 2710 1853 2761 arte
1906 2694 2126 2783 aliqua
2177 2694 2498 2761 volumus
2545 2692 2918 2779 expendere⁴
2968 2744 2990 2778 ,
3057 2695 3445 2784 proximum
3519 2692 3656 2761 illis
3706 2692 3891 2763 fuiss'e
3938 2692 4107 2761 dixi-

1103 2796 1322 2864 mus?
1381 2798 1610 2863 Nemo
1650 2796 1988 2883 profesto.
2049 2794 2136 2861 Id·
2177 2796 2361 2863 enim
2413 2792 2627 2882 ipsum
2678 2792 2773 2860 est
2824 2792 3065 2863 summi
3118 2795 3451 2877 oratoris,
3500 2794 3843 2864 summum
3890 2810 4113 2863 orato·

1105 2916 1256 2983 rem
1307 2896 1550 2986 populo
1601 2895 1858 2965 videri.
1913 2898 2144 2979 Qare
2196 2894 2434 2966 tibicen
2486 2894 2947 2984 Antigenidas·
2980 2894 3224 2964 dixerit
3276 2895 3601 2983 discipulo
3650 2896 3807 2965 sane
3860 2896 4122 2987 stigen·-

1109 2998 1162 3063 εἰ
1213 2998 1296 3065 ad
1349 2999 1674 3087 populum
1710 3051 1736 3086 ,
1787 2994 1959 3065 Mihi
2009 3016 2166 3067 cane
2204 3046 2232 3085 ,.
2276 2998 2363 3072 <9-
2414 2995 2625 3083 Mufis.
2669 3019 2695 3057 ··
2748 3016 2875 3087 ego
2924 2997 3081 3067 huic
3136 3000 3342 3065 Bruto
3398 2998 3692 3085 dicenti,
3745 3017 3825 3067 ut
3876 2996 4029 3067 solet
4074 3048 4123 3083 ,.

1109 3096 1286 3189 apud
1335 3099 1892 3187 multitudinem,
1945 3096 2114 3166 Mihi
2163 3118 2321 3168 cane
2360 3150 2384 3186 ,
2434 3100 2519 3173 ἐφ
2562 3098 2779 3192 populo
2822 3152 2847 3187 ,
2892 3109 2987 3169 mi
3040 3104 3241 3168 Brute
3283 3152 3305 3190 ,
3356 3099 3709 3190 dixerim·,·
3790 3118 3867 3169 ut
3899 3153 3923 3187 ,
3982 3099 4117 3190 qui·

1109 3199 1388 3268 audient
1419 3253 1441 3286 ,
1490 3202 1652 3293 quid
1703 3201 2024 3272 efficiatur
2061 3252 2085 3290 ,
2131 3201 2509 3290 intelligam
2550 3249 2567 3266 .
2640 3199 2859 3270 Credit
2909 3205 2992 3270 iis
3036 3255 3057 3290 ,
3108 3225 3253 3294 quae
3304 3201 3619 3272 dicuntur
3655 3257 3676 3290 ‚
3748 3205 3865 3293 qui
3916 3202 4107 3270 audit

1113 3319 1501 3392 oratorem3
1554 3323 1712 3372 vera
1757 3319 1999 3394 putat3
2053 3303 2385 3370 assentitur
2426 3330 2452 3391 ,-
2510 3302 2791 3390 probat3
2850 3301 3052 3372 fidem
3104 3305 3263 3373 facit
3317 3308 3525 3373 oratio
3560 3351 3580 3371 .
3639 3308 3748 3374 Tu
3800 3304 4043 3372 artifex
4090 3353 4131 3390 r

1115 3403 1276 3491 quid
1327 3402 1558 3494 quaeris
1611 3405 1952 3495 amplius?-
2001 3405 2381 3474 Delectatur
2430 3403 2711 3474 audiens
2760 3402 3169 3494 multitude,
3214 3408 3289 3475 δε
3330 3406 3589 3472 ducitur
3636 3408 3969 3488 oratione,
4028 3407 4127 3474 ὄε-

1115 3505 1298 3592 quast
1351 3507 1686 3596 voluptate
1735 3507 2022 3598 quadam
2073 3506 2491 3595 perfunditur
2530 3553 2547 3572 .
2616 3503 2801 3590 Quid
2850 3506 3049 3574 habes
3100 3506 3287 3596 quod·
3323 3505 3607 3594 disputes
3649 3505 3685 3567 ἓ
3748 3503 4025 3574 Gaudet
4090 3553 4147 3590 ,.

1115 3605 1343 3693 dolet,
1390 3607 1600 3693 ridet,
1649 3609 1910 3696 plorat,
1963 3609 2140 3680 favet
2175 3661 2201 3698 ,
2248 3611 2425 3696 odit,
2475 3607 2887 3694 contemnit,
2937 3607 3186 3676 invidet
3210 3633 3233 3694 ‚·
3288 3606 3375 3674 ad
3426 3603 3959 3676 misericordiam·
4001 3605 4136 3671 in-

1121 3703 1449 3789 ducitur,
1499 3705 1581 3774 ad
1633 3709 2016 3795 pudendum
2051 3710 2208 3797 ,ad
2260 3709 2619 3800 pigendum
2652 3736 2687 3798 3,
2729 3709 3030 3779 irascitur
3073 3763 3096 3796 ‚
3149 3709 3429 3777 miratur
3471 3759 3495 3793 ,
3542 3707 3747 3794 sperat
3776 3758 3797 3790 ,
3846 3706 4039 3776 timet
4088 3728 4133 3768 .-

1003 3883 1014 3892 ,
1115 3805 1257 3874 haec
1310 3803 1574 3893 perinde
1623 3811 1976 3900 accidunt,
2023 3825 2099 3882 ut
2149 3833 2424 3899 eorum,
2474 3814 2587 3903 qui
2639 3809 2917 3898 adsunt,
2972 3827 3227 3880 mentes
3280 3810 3535 3896 verbiS,
3590 3809 3663 3877 δε
3718 3805 4120 3891 sententii8‚

1125 3906 1202 3975 a:
1257 3905 1518 3974 afflone
1563 3907 1971 3980 tractantur.
2029 3911 2217 3997 Quid
2266 3914 2358 3981 est
2396 3967 2417 4001 ,
2464 3914 2642 4004 quod
2697 3911 3107 4000 exspectetur
3156 3911 3333 3980 docti
3384 3911 3667 3988 alicuius
3720 3906 4111 3976 sententia?

1125 4009 1320 4087 Qod
1372 4008 1562 4076 enirn.
1603 4010 1826 4102 probat
1881 4013 2278 4100 multitudO,
2324 4017 2455 4084 hoc
2504 4015 2679 4083 idem
2728 4012 2935 4081 doctis
2985 4011 3415 4102 probandum·
3456 4013 3587 4081 est.
3642 4010 3943 4098 Denique
3964 4009 4121 4076 hoc·

1129 4105 1454 4196 specimen
1501 4105 1596 4176 est
1647 4113 1977 4203 popul‘aris
2026 4115 2291 4204 iudicii,
2342 4119 2417 4186 in
2466 4139 2605 4206 quo
2656 4135 3018 4206 nunquam
3058 4115 3185 4186 fuit
3240 4113 3480 4204 populo
3528 4104 3707 4180 eum·
3746 4109 3957 4178 doctis·
3990 4107 4119 4174 itt--

1131 4207 1712 4305 renigennbusque
1766 4217 2090 4286 diffenfio.
2143 4221 2319 4292 Cum
2370 4213 2569 4288 multi
2616 4219 2818 4288 effent
2862 4233 3152 4288 oratores
3219 4217 3289 4284 in
3358 4215 3547 4282 vario
3597 4233 3844 4304 genere
3882 4209 4111 4278 dicen-

1129 4311 1256 4398 di,
1293 4313 1440 4403 quis
1489 4335 1804 4406 unquam·
1835 4339 1924 4387 ex
1946 4319 2049 4388 his
2097 4321 2429 4391 excellere
2484 4321 2821 4402 judicatus
2860 4321 2967 4390 est.
2992 4321 3185 4412 vulgi
3218 4317 3523 4407 iudicio,
3572 4319 3689 4408 qni
3742 4335 3881 4382 non
3931 4312 4115 4380 idem

1125 4431 1169 4482 a
1218 4413 1428 4484 dofris
1477 4415 1918 4506 probaretur?
1955 4424 2237 4507 Quando
2286 4443 2515 4496 autem
2558 4421 2837 4492 dubium
2888 4423 3102 4492 fuifftt
3148 4419 3325 4512 apud
3377 4435 3587 4510 patres
3642 4415 3944 4502 nostrQS,
3995 4413 4119 4481 eli-

1125 4516 1328 4606 gendi
1379 4517 1492 4586 cui
1541 4525 1798 4607 patroni
1851 4523 2120 4593 daretur
2171 4529 2387 4614 optio,
2440 4527 2603 4618 quin
2652 4543 2769 4594 aut
2816 4521 3550 4610 Antonium‘optaret,
3600 4537 3712 4589 aut
3762 4515 4117 4586 Cral'l'umi¹

1125 4616 1430 4690 Aderant
1483 4623 1688 4690 multi·
1730 4623 1888 4712 alii3
1940 4643 2161 4696 tamen
2212 4643 2444 4696 utrum
2490 4627 2577 4694 de
2622 4627 2735 4694 his
2780 4621 3412 4714 potiu3,..dubitaffet
3466 4623 3739 4714 aliquis:
3800 4623 3966 4710 quin
4022 4615 4125 4684 al·

1127 4733 1398 4810 terum,
1447 4743 1682 4794 nern0.
1740 4727 1928 4816 Quid·
1973 4726 2488 4796 adolescentibus
2540 4727 2767 4813 nobiS,
2819 4745 2980 4794 cum
3030 4723 3183 4789 effer
3232 4728 3431 4792 Cotta·
3464 4777 3493 4810 ,
3548 4729 3623 4795 &
3680 4721 4137 4806 Hortensius,

1125 4839 1298 4894 num
1347 4823 1533 4914 quis,
1586 4827 1696 4894 cui
1745 4825 2019 4919 quidem
2067 4825 2363 4914 eligendi·
2410 4827 2684 4914 potestas
2738 4825 2903 4894 esset
2940 4877 2963 4909 ,
3012 4842 3417 4915 quemquam
3466 4825 3565 4894 his
3624 4823 4059 4915 anteponebat
4086 4823 4125 4885 ἓ

1233 4925 1350 4990 LI.
1403 4927 1587 4994 Tum
1638 4929 1891 4996 Brutus
1932 4977 1954 5013 ,
2019 4923 2201 5011 Quid
2251 4941 2321 4994 tu
2365 4979 2384 5010 ‚
2435 4927 2645 5017 inquit
2684 4981 2706 5015 ,
2786 4925 3025 5017 quaeris
3076 4925 3244 4993 alios
3292 4930 3327 4992 ,ἓ
3380 4925 3462 4994 de
3510 4943 3573 4994 te
3627 4925 3765 5016 ipso
3816 4944 4041 4996 nonne
4101 4974 4126 5009 ,

1125 5023 1286 5120 quid
1334 5040 1644 5122 optarent
1685 5029 1781 5097 rei
1821 5079 1860 5115 „
1911 5027 2068 5122 quid
2147 5025 2279 5118 ipse
2334 5029 2731 5102 Hortensius.
2788 5029 3113 5110 judicaret
3158 5081 3182 5118 ,
3252 5027 3699 5102 videbamus?
3770 5031 3889 5120 qui
3956 5044 4139 5097 cum

3869 5152 4016 5221 pat·
