4359 6321
912 424 1522 517 LIBER
1653 424 2479 515 PRIMUS.
2927 454 3097 543 ¹41

237 539 468 612 torem
515 538 850 611 instituere
899 542 1150 611 dixisset
1219 544 1494 613 illorum
1543 542 1860 627 orbitati.
1933 546 2168 635 Itaque
2238 563 2397 613 cum
2470 544 2543 613 &
2616 540 2862 611 invidia
2932 550 3001 614 δε
3079 543 3233 611 odio

233 644 464 714 ,mg-un
523 661 675 701 mm
729 642 942 711 Galba
993 662 1402 720 premeretur
1442 699 1466 735 ,
1518 646 1640 732 ‘his
1693 666 1961 720 quodue
2031 666 2189 707 eum
2239 646 2604 733 *raomdiie-
2658 642 3009 702 mmmmm
3050 646 3231 715 'feto-

233 727 393 812 bat3
450 724 630 813 quod
685 725 839 789 item
893 720 1064 809 apud
1111 730 1434 791 Catonem
1485 727 1805 812 lcriptum
1855 723 1977 789 effe
2031 724 2222 790 video
2262 776 2281 807 ‚
2350 724 2470 807 nifi
2508 735 2731 813 pueris
2786 726 2888 799 dm
2924 730 3227 797 lacrimis

231 827 382 915 usus
439 822 625 910 effet,
669 840 886 913 poenas
941 840 1090 889 eum
1137 826 1445 893 daturum
1486 822 1682 914 fuiffe
1720 873 1735 890 .
1791 826 1954 893 Haec
2008 825 2305 891 Rutilius
2360 828 2551 895 valde
2603 828 3013 917 vituperabat
3053 881 3076 916 ‚
3144 832 3229 899 δε

226 930 390 999 huic
443 924 809 995 humilitati
861 920 1114 991 dicebat
1167 925 1278 993 vel
1326 924 1608 993 exilium
1661 924 1844 993 fuiffe
1897 924 2004 993 vel
2023 940 2315 996 mortem
2364 931 2929 1015 anteponendam.
2988 936 3227 1020 Neque

227 1048 396 1099 vero
449 1028 574 1095 hoc
631 1027 847 1096 solum
899 1025 1070 1093 dixit
1108 1080 1128 1112 ‚
1181 1024 1290 1093 led
1345 1025 1478 1114 ipse
1527 1029 1599 1097 &
1656 1025 1891 1111 senfit,
1943 1030 2015 1096 δε
2047 1024 2265 1094 ¹fecit.
2320 1031 2499 1094 Nam
2546 1052 2705 1097 cum
2756 1033 2911 1099 esset
2960 1034 3079 1101 ille
3117 1034 3224 1104 vir

223 1132 664 1219 exemplum,
711 1146 790 1199 ut
843 1126 1055 1212 ssitiS,
1113 1129 1565 1216 innocentiae3
1633 1138 1923 1219 cumque
1975 1128 2094 1195 illo
2165 1147 2367 1195 nemo
2416 1148 2635 1217 neque
2700 1132 3019 1221 integrior
3067 1136 3227 1205 effen

227 1232 294 1301 in
350 1234 665 1319 ciuitate,
715 1252 930 1321 neque
985 1226 1330 1316 sanctim-5
1403 1248 1535 1296 non
1587 1230 1786 1297 modo
1837 1225 2112 1317 supplex
2186 1228 2512 1306 iudicibus
2586 1232 2711 1298 effe
2760 1232 2977 1299 noluit
3019 1285 3039 1319 ‚
3112 1235 3225 1317 sed

221 1354 310 1403 ne
361 1336 659 1401 ornatius
707 1332 980 1423 quidem
1016 1384 1038 1419 ‚
1105 1348 1218 1400 aut
1269 1340 1296 1414 (
1341 1332 1380 1369 ⁴¹
1425 1340 1450 1417 )
1506 1328 1776 1400 liberius
1828 1329 2096 1399 causam
2143 1330 2273 1398 dici
2348 1329 2533 1399 suam
2573 1385 2594 1419 ‚
2662 1352 2866 1423 quam
2937 1334 3216 1422 fimplet

217 1438 442 1503 oratio
490 1436 788 1502 veritatis
839 1433 1086 1502 ferebat
1135 1482 1154 1499 .
1224 1432 1514 1499 Paulum
1563 1434 1720 1501 huic
1771 1439 1984 1502 Cottae
2037 1429 2264 1503 tribuit
2317 1434 2611 1520 partium
2665 1446 2815 1520 (1)
2856 1487 2878 1519 ‚
2928 1434 3219 1505 disertis-

223 1536 396 1602 fimo
449 1534 902 1622 adolescenti,
971 1533 1206 1603 sororis
1257 1531 1388 1601 suae
1439 1532 1584 1601 filio
1623 1582 1644 1601 .
1715 1536 1908 1602 Dixit
1979 1535 2137 1601 item
2189 1532 2470 1604 causam
2532 1536 2721 1603 illam
2790 1536 3077 1622 quadam
3122 1550 3227 1607 en

215 1652 414 1728 parte
461 1641 550 1719 Q.
605 1640 918 1723 Mucius,
967 1658 1154 1706 more
1201 1634 1366 1722 suo,
1417 1635 1609 1704 nullo
1657 1654 2019 1727 apparatu,
2069 1657 2233 1724 pure
2284 1638 2354 1704 &
2416 1634 2739 1703 dilucide.

320 1736 520 1822 Qod
573 1735 622 1805 fi
673 1757 744 1806 tu
795 1756 999 1825 tunc,
1049 1738 1264 1807 crasse
1304 1790 1329 1823 ,
1373 1734 1678 1824 dixifl'eS,
1728 1740 1844 1829 qui
1899 1734 2255 1805 subfidium
2309 1740 2555 1805 oratori
2603 1759 2689 1804 ex
2744 1737 2883 1805 illis
2928 1738 3215 1827 disputa·

219 1838 556 1924 tionibus,
604 1840 834 1926 quibus
885 1839 1245 1927 philosophi
1299 1854 1624 1924 utuntur,
1669 1840 1750 1907 ad
1797 1838 2065 1909 dicendi
2117 1839 2420 1929 copiam,
2471 1838 2821 1925 petendum
2872 1842 2995 1909 effe
3047 1863 3209 1929 pau-

217 1937 295 2003 lo
349 1956 505 2006 ante
555 1935 872 2024 dicebas;
942 1940 1010 2006 &
1061 1992 1080 2023 ‚
1149 1939 1194 2002 fi
1245 1935 1355 2004 tibi
1406 1958 1526 2024 pro
1567 1944 1650 2003 ·P.
1677 1940 1928 2007 Rutilio
1998 1960 2132 2005 non
2182 1939 2727 2030 philosophorum
2779 1963 2965 2010 more
3000 1996 3022 2029 ,
3093 1942 3211 2011 sed

215 2051 338 2104 tuo
403 2038 682 2107 licuisset
747 2042 960 2107 dicere
1005 2066 1020 2102 ε
1092 2038 1398 2127 quamvis
1473 2032 1767 2104 scelerati
1837 2039 1938 2106 illi
2007 2039 2265 2106 fuiffent
2303 2092 2349 2124 ,.
2394 2040 2579 2109 ficuti
2630 2042 2901 2109 fuerunt
2945 2096 2965 2130 ,
3019 2043 3205 2130 pesti-

213 2136 343 2205 feri
419 2140 600 2206 cives
639 2190 662 2223 ‚
735 2140 1176 2227 supplicioque
1283 2136 1469 2226 digni
1525 2189 1545 2222 ,
1611 2153 1838 2204 tamen
1941 2158 2217 2215 omnem
2304 2156 2543 2205 eorum
2631 2143 3207 2229 importunitatem

209 2258 300 2307 ex
353 2241 609 2307 intimis
661 2238 992 2307 mentibus
1031 2238 1342 2307 evellifl‘et
1395 2238 1494 2303 vis
1543 2239 1856 2305 orationis
1909 2253 2078 2309 tux.
2131 2242 2333 2307 Nunc
2384 2238 2539 2305 talis
2589 2242 2691 2308 vir
2742 2244 3003 2310 amissus
3052 2244 3143 2310 est
3176 2298 3206 2331 ‚

210 2340 384 2413 dum
433 2338 628 2409 causa
679 2345 780 2409 ita
829 2342 1066 2407 dicitur
1105 2388 1128 2425 ‚
1194 2358 1268 2405 ut
1324 2336 1370 2403 fi
1421 2338 1490 2401 in
1541 2334 1660 2403 ille
1712 2340 2161 2406 commentitia
2206 2340 2507 2405 Platonis
2554 2344 2827 2412 civitate
2892 2366 2995 2413 res
3048 2364 3203 2432 age-

208 2458 438 2510 retur.
495 2444 713 2511 Nemo
763 2443 1091 2533 ingemuit
1134 2493 1154 2524 ,
1223 2456 1422 2507 nemo
1471 2436 1864 2513 inclamavit
1919 2455 2345 2526 patronorum
2386 2490 2405 2523 ,
2478 2442 2643 2510 nihil
2716 2446 3031 2535 cuiquam
3086 2446 3203 2511 do-

206 2542 336 2609 luit
371 2596 392 2629 ,
446 2564 644 2611 nemo
695 2543 788 2613 est
837 2540 1102 2634 questus
1142 2594 1163 2625 ,
1213 2559 1418 2609 nemo
1471 2537 1942 2627 rempublicam
1995 2540 2370 2627 imploravit
2424 2591 2445 2623 ,
2497 2561 2693 2610 nemo
2746 2545 3139 2632 supplicavit
3176 2593 3203 2615 .

207 2644 386 2728 Quid
439 2644 654 2714 multa
693 2648 730 2711 ἕ
781 2646 1020 2735 pedem
1071 2662 1270 2711 nemo
1319 2650 1468 2729 (ι)
1523 2641 1594 2707 in
1643 2642 1764 2711 illo
1816 2640 2062 2719 judicio
2113 2637 2419 2729 supploiit
2460 2691 2489 2725 ,‚
2526 2644 2775 2731 credo,
2822 2666 2911 2713 ne
2958 2649 3200 2715 Stoicis

205 2750 692 2817 renuntiaretur
711 2796 734 2816 0

307 2851 487 2915 LIV.
564 2852 874 2919 Imitatus
925 2852 1017 2919 est
1067 2851 1271 2919 homo
1345 2858 1696 2919 Romanus
1767 2852 1836 2920 &
1909 2848 2275 2919 consularis
2346 2866 2637 2918 veterem
2710 2854 2911 2921 illum
2958 2858 3193 2919 Socra·

202 2961 381 3031 tem,
428 2952 588 3039 qui,
635 2974 794 3020 cum
841 2957 1146 3023 omnium
1198 2953 1696 3039 sapientissimus
1745 2954 1892 3021 esset
1929 3008 1947 3037 ,
2015 2950 2529 3041 sanstillimeque
2582 2956 2834 3022 vixifl‘et
2886 3007 2906 3038 ,
2976 2958 3067 3020 ita
3118 2955 3189 3021 in

206 3048 452 3121 judicio
500 3052 732 3134 capitis
779 3074 896 3135 pro
948 3054 1010 3119 se
1061 3055 1199 3140 ipse
1241 3052 1405 3119 dixit
1447 3107 1469 3137 ,
1536 3071 1610 3121 ut
1684 3074 1816 3121 non
1873 3055 2144 3141 supplex
2216 3071 2333 3121 aut
2404 3075 2558 3121 reus
2599 3106 2619 3138 ‚
2708 3055 2813 3123 sed
2874 3055 3186 3141 magister

202 3163 322 3210 aut
375 3144 686 3215 dominus
729 3150 1058 3217 videretur
1105 3155 1224 3219 effe
1273 3152 1566 3226 judicum
1603 3201 1624 3219 .
1695 3157 1876 3238 Qin
1931 3157 2134 3222 etiam
2173 3207 2197 3238 ,
2264 3177 2422 3222 cum
2472 3156 2536 3220 ei
2591 3154 2902 3242 scriptam,
2948 3156 3189 3222 oratio.

202 3266 364 3312 nem
417 3257 566 3334 (3)
617 3249 1056 3316 disertiffimus
1108 3271 1332 3316 orator
1389 3255 1624 3334 Lysias
1675 3255 1978 3322 attuliffet
2026 3306 2047 3337 ‚
2095 3275 2341 3340 quam,
2394 3255 2443 3320 fi
2492 3254 2551 3316 ei
2616 3256 2945 3320 videretur
2988 3306 3009 3336 ,
3056 3254 3190 3320 edi-

201 3343 415 3414 sceret
457 3402 478 3433 ,
531 3371 604 3418 ut
657 3371 734 3418 ea
787 3371 902 3437 pro
955 3350 1018 3415 se
1069 3352 1136 3414 in
1189 3350 1446 3428 judicio
1485 3369 1780 3420 uteretur
1822 3404 1841 3435 ‚
1913 3373 2044 3420 non
2097 3353 2347 3416 invitus
2404 3351 2569 3432 legit
2606 3401 2634 3432 „
2697 3355 2766 3418 δε
2842 3353 3192 3417 commode

195 3443 516 3535 scripta-m
565 3450 944 3520 essedixitz
1000 3449 1147 3534 sed,
1197 3453 1452 3538 inquit,
1503 3469 1622 3534 ut,
1677 3449 1726 3516 fi
1776 3451 1940 3516 mihi
1992 3450 2254 3517 cal-ceos
2304 3448 2655 3529 Sicyonios
2706 3461 2865 3535 (4)
2932 3447 3191 3518 attulis-

197 3545 300 3614 ses
337 3601 361 3634 ,.
410 3573 542 3617 non
597 3569 818 3620 uteret
859 3605 880 3636 ,
929 3554 1238 3640 quamvis
1285 3552 1478 3618 ess'ent
1548 3549 1802 3618 habiles
1863 3554 1932 3620 &
2013 3551 2141 3635 apti
2196 3548 2283 3615 ad
2329 3545 2563 3634 pedem
2604 3603 2622 3634 ‚
2694 3551 2853 3639 quia
2904 3571 3037 3618 non
3088 3549 3197 3617 es·

195 3646 684 3738 sent'viriles;
739 3651 821 3720 fic
875 3652 1065 3719 illam
1119 3654 1482 3718 orationem
1535 3654 1844 3718 disertam
1905 3650 2012 3715 fibi
2071 3651 2142 3716 δε
2200 3650 2555 3714 oratoriam
2617 3651 2815 3715 videri
2863 3700 2885 3733 ‚
2935 3651 3187 3720 fortem

196 3751 270 3815 ὃς
332 3750 594 3818 virilem
651 3774 782 3818 non
839 3751 1082 3818 videri.
1138 3757 1313 3840 Ergo
1365 3753 1476 3817 ille
1527 3772 1789 3841 quoque
1840 3750 2196 3815 damnatus
2245 3747 2373 3814 est:
2437 3769 2647 3839 neque
2693 3750 2900 3818 solum
2954 3752 3182 3836 primis

192 3849 548 3919 sententiis
577 3906 608 3938 ‚.
665 3851 902 3944 quibus
975 3869 1236 3921 tantum
1311 3852 1669 3925 statuebant
1727 3852 1974 3928 iudices
2014 3905 2044 3936 ‚
2105 3851 2498 3918 damnarent
2574 3870 2657 3920 an
2714 3847 3126 3920 absolverent
3160 3904 3186 3938 ,

2972 3951 3082 4019 sed

253 4275 326 4338 (⁴³
349 4279 378 4338 )
419 4276 714 4342 Liber-ms)
757 4281 904 4333 Man.
943 4279 1160 4332 ubertus
1734 4279 1920 4335 thenis
1957 4277 2092 4340 fuit,
2133 4295 2201 4330 ne
2236 4277 2352 4346 quis
2388 4275 2452 4329 nd
2492 4271 2631 4330 suam
2648 4275 3017 4334 defensionem
3050 4283 3180 4334 ora-i

257 4351 378 4409 (ι)
420 4346 652 4403 Tabuit
683 4361 954 4420 partium·
979 4354 1008 4411 )
1042 4349 1312 4406 Oratores
1347 4353 1404 4404 oe
1442 4367 1630 4418 patro·
1735 4369 1910 4407 torem
1963 4347 2245 4402 adhiberet
2278 4385 2295 4400 .
2364 4347 2540 4415 Igitur
2593 4347 2779 4416 Lysias
2825 4367 3007 4405 orator
3062 4365 3181 4404 tum

185 4415 246 4472 ni
285 4419 378 4473 alii
419 4437 575 4476 erant
614 4439 908 4490 primarum
967 4421 1204 4489 partium
1235 4461 1251 4484 ,
1289 4439 1380 4490 qui
1421 4422 1630 4488 prmci-
1733 4438 1974 4490 optimus
2013 4416 2271 4474 fcribebat
2308 4417 2583 4473 orationes
2610 4457 2623 4479 ‚
2664 4439 2787 4491 quas
2842 4419 3175 4491 eloquentiae

184 4507 306 4559 pem
345 4488 513 4547 causae
555 4494 730 4548 locum
756 4533 782 4559 r
807 4513 862 4548 :ie
899 4491 1230 4548 defensionis
1267 4533 1280 4554 ,
1335 4490 1634 4554 habebant,
1739 4493 1891 4547 rudes
1925 4532 1939 4554 ,
1991 4491 2112 4560 quia
2165 4508 2269 4560 pro
2321 4487 2375 4543 se
2430 4487 2535 4559 ipfi·
2582 4488 2767 4548 dicere
2815 4490 3175 4556 jubebantur,

182 4564 274 4631 qui
317 4563 484 4634 primi
525 4563 817 4628 dicebant,.
861 4565 947 4620 vei
987 4565 1056 4618 de
1113 4562 1268 4618 rebus
1305 4563 1631 4634 precipuiu
1735 4561 2075 4625 ediscerent,
2113 4581 2168 4618 sc
2209 4562 2635 4630 pronuntiarent
2667 4601 2693 4618 .-
2738 4569 2811 4622 Ea
2848 4561 3003 4622 caussr
3034 4559 3173 4624 fuit,

183 4634 274 4690 alii
316 4636 672 4691 fecundarum
697 4676 710 4699 ‚
749 4637 840 4691 alii
886 4654 1198 4699 tertiarum,
1235 4639 1346 4691 διε.
1377 4633 1559 4690 Idem.
1733 4654 1826 4690 cur
1867 4632 2120 4704 scriptam
2157 4631 2465 4689 orationem
2501 4633 2765 4692 obtulerit
2809 4633 3013 4693 Socrati
3045 4672 3062 4689 .
3118 4639 3177 4686 I·-

251 4712 382 4770 (τ.)
429 4707 620 4762 Pedem
655 4714 864 4772 nemo)
917 4709 1076 4765 Valet
1115 4707 1266 4779 pedis
1321 4703 1633 4776 supplosiO‚
1732 4705 1889 4762 dem.

183 4793 244 4854 ut
285 4779 496 4834 Cicero
549 4797 736 4832 monet
761 4820 774 4841 ‚
827 4781 883 4835 in
919 4777 1368 4838 contentionibus
1415 4797 1503 4832 aut
1543 4778 1630 4831 in-
1804 4781 1924 4846 (4)
1956 4782 2265 4856 Sicyonios)
2304 4778 2503 4848 Sicyon
2534 4779 2653 4834 urbs
2672 4769 3061 4847 Peloponnesi,
3110 4771 3175 4851 in:

185 4848 460 4919 cipiendis
496 4889 511 4912 ,
567 4869 652 4906 aut
705 4847 994 4908 finiendis.
1047 4853 1099 4910 Si
1141 4849 1298 4907 fuerit
1335 4847 1577 4906 crebrior
1609 4885 1628 4912 ‚
1735 4849 1982 4914 Gis-cia,
2042 4849 2391 4907 Corinthum
2444 4852 2595 4906 inter
2646 4854 2701 4905 δε
2742 4846 3017 4905 Athenas.
3058 4845 3172 4922 Hic

187 4919 372 4992 inepti
413 4919 656 4977 hominis
696 4922 806 4988 est,
847 4943 905 4980 ut
949 4925 1104 4982 docet
1145 4921 1368 4980 Fabius.
1395 4922 1582 4976 Idem.
1736 4923 1871 4978 o'iiu
1928 4920 2219 4978 muliebres
2266 4921 2429 4979 calcei
2480 4916 2855 4989 elegantiffimi
2906 4911 3171 4972 conficie-

255 5001 282 5060 (
302 5014 333 5069 3
361 4999 388 5061 )
429 4999 698 5066 Scriptum
737 5000 1078 5058 orationem)
1114 4993 1360 5051 Vetitum
1390 4993 1528 5049 olim
1551 4995 1635 5050 A-
1687 4993 1716 5016 '‘
1737 4992 1928 5051 bantur
1946 5033 1972 5048 .,
1995 4992 2191 5050 Idem.
