4359 6321
1065 291 1112 325 Φ

1047 542 1145 597 ter
1169 433 1392 615 '33³ss
1433 520 1502 593 &
1561 513 1894 603 breviter,
1941 514 2011 587 &
2052 512 2301 603 presse,
2348 514 2419 583 δι
2466 509 2637 585 satis
2667 526 2959 599 ornate,
2993 512 3063 581 &
3108 505 3568 601 pereleganter
3588 504 3882 603 diceret,·
3922 517 4081 608 quis

1043 629 1192 699 esset
1240 626 1316 694 in
1367 622 1652 715 popule,
1697 618 1844 711 qui
1869 632 1985 685 aut
2037 612 2479 705 exspeEtatet,
2514 634 2631 690 aut
2656 613 2815 685 fieri
2866 612 3031 707 posse
3062 609 3431 702 quidquam
3484 608 3731 683 melius
3750 619 4073 705 putaret?

1143 732 1336 800 L111.
1391 728 1486 791 At
1535 742 1694 792 vero
1729 772 1754 806 ,
1819 734 1896 787 ut
1944 735 2191 787 contra
2228 714 2492 787 crassus
2524 718 2627 801 ab
2678 718 3113 788 adolescente.
3135 711 3423 779 delicato
3456 762 3481 801 ,
3546 713 3663 803 qui
3732 715 3809 789 in
3866 720 4081 789 litore

1046 830 1402 899 ambulans
1475 818 1800 893 stalmum
1850 818 2228 909 reperiffet,
2292 816 2376 887 ob
2422 840 2704 912 eamque
2756 840 2903 886 rem
2952 812 3293 885 aedificare
3340 832 3589 885 navem
3654 819 4086 911 concupivis-

1047 930 1182 1019 set,
1230 924 1510 997 exorsus
1545 922 2048 995 est.s1militer
2095 923 2465 992 scaevolam
2513 944 2597 993 ex
2651 940 2786 988 uno
2842 917 3089 986 scalmo
3142 915 3521 1005 captionis,
3570 920 4085 995 centumvirale

1047 1031 1392 1113 iudicium
1423 1024 1805 1099 haereditatis
1855 1021 2189 1093 effeciffe.
2251 1024 2380 1092 hoc
2436 1025 2507 1091 in
2561 1022 2686 1091 illo
2728 1020 2921 1089 initio
2972 1015 3439 1106 consecutus,
3490 1019 3728 1095 multis
3772 1022 4080 1103 ejusdem

1044 1132 1316 1225 generis
1373 1128 1707 1199 sententiis
1750 1124 2166 1212 delestavit‚
2237 1122 2623 1215 animosque
2669 1123 3035 1208 οιιιιιίιιιιι,
3100 1122 3216 1211 qui
3271 1120 3608 1211 aderant,
3624 1124 3725 1191 in
3774 1125 4081 1195 hilarita-

1043 1252 1182 1305 tem
1233 1254 1272 1303 a
1323 1230 1674 1303 severitate
1723 1226 2076 1298 traduxit:
2148 1224 2325 1314 quod
2376 1223 2470 1293 est
2518 1247 2730 1300 unum
2780 1246 2867 1293 ex
2920 1222 3135 1302 tribus
3181 1273 3205 1308 ,
3270 1244 3413 1312 (με
3460 1226 3603 1294 dixi
3673 1225 3757 1293 ab
3806 1244 4083 1299 oratore

1041 1334 1212 1406 effici
1259 1332 1532 1405 debere.
1587 1332 1855 1399 Deinde
1903 1328 2032 1393 hoe
2089 1325 2363 1393 voluisse
2413 1347 2571 1397 eum
2610 1381 2630 1417 ,
2681 1329 2797 1421 qui
2852 1325 3319 1395 testamentum
3376 1324 3677 1414 fectinet,
3746 1328 3871 1399 hoe
3922 1330 4081 1399 sen-

1045 1438 1178 1507 fiffe
1213 1488 1238 1524 ,
1289 1456 1552 1529 quoquo
1599 1434 1809 1499 modo
1855 1425 2038 1493 filius
2090 1446 2227 1495 non
2277 1426 2427 1496 effet
2462 1432 2652 1520 ,qui
2700 1434 2789 1501 in
2826 1429 3013 1498 suam
3050 1427 3350 1495 tutelam
3402 1432 3701 1516 veniret,
3754 1429 3889 1499 five
3934 1452 4077 1499 non

1044 1555 1300 1623 natue,
1353 1536 1486 1605 five
1533 1547 1698 1601 ante
1739 1540 2089 1614 mortuus,
2137 1530 2385 1598 Curius
2433 1531 2624 1603 heres
2682 1550 2757 1601 ut
2806 1534 3019 1601 esset·
3062 1532 3149 1599 ita
3206 1528 3485 1601 seribere
3536 1532 3945 1625 plerosque,
3992 1535 4069 1603 δε

1043 1640 1115 1709 id
1169 1639 1395 1707 valere
1438 1686 1468 1721 ,
1515 1636 1588 1705 δε
1650 1628 1916 1701 valuiffe
1967 1626 2281 1721 semper.
2300 1636 2555 1723 Haec,
2605 1636 2675 1705 &
2731 1634 2944 1703 multa
2994 1631 3313 1714 eiusmodi
3364 1631 3665 1720 dicens,
3706 1633 3921 1704 fidem
3972 1635 4077 1705 fa·-

1043 1739 1302 1809 ciebat:
1360 1735 1542 1827 quod
1591 1732 1686 1803 est
1732 1755 1818 1804 ex
1869 1730 2083 1803 tribus·
2133 1737 2422 1807 oratoris
2466 1736 2699 1807 officiis
2748 1737 3081 1805 alterum.
3128 1736 3387 1805 Deinde
3435 1758 3703 1829 aequum
3756 1734 4009 1807 bonum
4050 1782 4081 1821 ,

1043 1838 1596 1909 testamentorum
1655 1835 2012 1907 sententias
2051 1887 2075 1922 ,
2145 1838 2653 1930 voluntatesque
2705 1854 2961 1909 tutatus
3012 1836 3107 1907 est
3140 1861 3165 1902 .·
3230 1854 3493 1927 ⁴quanta
3537 1838 3685 1908 effer
3733 1840 3805 1907 in
3860 1836 4080 1909 verbis

1043 1945 1297 2030 captio,
1346 1960 1510 2009 cum
1559 1944 1634 2010 in
1681 1938 1934 2009 caeteris
1984 1935 2225 2028 rebuS,
2272 1956 2423 2009 tum
2469 1941 2549 2011 in·
2594 1938 2997 2027 testamentis
3034 1993 3055 2028 ,
3105 1939 3153 2008 fi
3212 1940 3715 2031 negligerentur
3767 1944 4085 2011 volunta-

1043 2059 1147 2111 tes
1187 2066 1210 2106 .·
1265 2058 1587 2131 quantam
1641 2040 1755 2111 fibi
1805 2042 2172 2131 potentiam
2219 2042 2511 2111 Scaevola
2567 2042 2911 2113 assumeret
2950 2096 2972 2129 ‚
3045 2040 3109 2111 fi.
3147 2062 3353 2123 nemo
3393 2041 3665 2118 auderet
3714 2043 4080 2119 testamen·

1043 2159 1198 2215 tum
1247 2143 1463 2224 facere
1529 2142 1742 2237 postea
1781 2198 1806 2233 ,
1871 2142 1990 2210 nist
2059 2141 2140 2211 de
2192 2144 2743 2213 illius.sententia
2780 2193 2796 2211 .
2880 2149 3041 2215 Haec
3107 2164 3271 2212 cum
3342 2144 3703 2234 graviter„
3766 2160 3919 2217 tum
3990 2139 4098 2209 ab

1041 2244 1372 2335 exemplis
1420 2246 1678 2337 copiose
1715 2300 1744 2333 ,
1787 2262 1939 2325 tum
1989 2244 2229 2333 varie,
2271 2252 2423 2316 tum
2467 2248 2675 2316 etiam
2723 2244 3043 2332 ridicule,
3092 2248 3167 2315 δι.
3225 2244 3431 2315 faeere
3478 2245 3867 2336 explicans..
3908 2261 4095 2313 eam

1041 2347 1590 2438 admirationem,
1641 2344 2193 2440 affenfionemque
2243 2350 2607 2418 commovit
2652 2402 2674 2435 ‚
2728 2348 2970 2417 dixisse·
3008 2365 3083 2417 ut
3138 2364 3363 2417 contra
3412 2368 3611 2417 nemo
3650 2346 4011 2416 -videretur
4056 2384 4091 2421 4.

1046 2453 1197 2521 Hoc
1249 2469 1394 2519 erat
1441 2453 1721 2520 oratoris
1772 2448 2084 2519 officium.
2117 2452 2469 2539 partitione
2517 2453 2793 2520 tertium
2836 2505 2857 2537 ‚
2926 2471 3201 2541 genere.
3246 2454 3635 2525 maximum
3683 2501 3700 2522 .
3772 2447 3911 2513 Hic
3964 2443 4089 2523 ilie

1044 2548 1132 2621 de
1181 2553 1422 2640 populo
1475 2550 1676 2631 iudex
1715 2605 1738 2637 ,
1805 2550 2333 2642 quiseparatim
2384 2554 2675 2624 alterum
2728 2556 3096 2627 admiratus
3146 2555 3297 2621 efflet
3352 2606 3383 2640 ,
3422 2552 3597 2621 idem
3633 2600 3659 2635 ,
3706 2546 3935 2619 audito
3980 2544 4085 2621 al·

1047 2668 1192 2719 tero
1226 2703 1253 2738 ,Α
1319 2650 1648 2730 iudicium
1697 2654 1898 2722 suum
1945 2672 2401 2725 contemneret
2438 2706 2455 2725 .
2526 2660 2621 2721 At
2672 2679 2833 2728 vero
2884 2656 3265 2743 intelligens
3322 2658 3397 2725 δε
3450 2652 3687 2725 donus
3736 2702 3767 2735 ,
3808 2648 4093 2721 audiens

1047 2752 1420 2821 Scaevolam
1459 2806 1480 2841 ‚
1550 2753 1815 2824 sentiret
1867 2754 1995 2825 effe
2036 2758 2381 2843 quoddam·
2436 2756 2703 2825 uberius
2733 2800 2741 2807 ·
2772 2756 3041 2826 dicendi
3104 2775 3329 2841 genus
3388 2757 3464 2825 δε
3539 2752 3843 2825 ornatius
3877 2797 3894 2815 .
3966 2747 4095 2816 Ab·

1047 2869 1330 2945 utroque
1378 2871 1662 2943 autem,
1727 2851 1922 2922 causa
1977 2872 2352 2944 perorata,
2412 2857 2457 2925 fi
2510 2873 2911 2946 quaereretur
2963 2872 3105 2925 uter
3158 2854 3490 2941 praestaret
3556 2869 3846 2943 orator,
3906 2871 4087 2927 nun-

1049 2976 1258 3048 quam
1303 2956 1604 3059 profetia
1648 2953 1957 3052 sapientis
1987 2954 2341 3035 judicium
2382 2978 2427 3025 a
2476 2958 2721 3037 indicio
2770 2958 2965 3048 vulgi
3020 2954 3449 3045 discrepat-et
3562 3000 3573 3009 -

1155 3061 1343 3127 LIV.
1419 3059 1556 3143 Qui
1609 3058 1868 3149 praestat
1935 3058 2142 3146 igitur
2196 3060 2609 3151 intelligens
2635 3062 3003 3148 imperito?
3074 3078 3324 3145 magna
3380 3077 3449 3123 re
3512 3059 3593 3127 &
3646 3000 3888 3129 difficili
3936 3078 3951 3118 :
4024 3052 4089 3121 fi

1059 3158 1326 3254 quidem
1381 3173 1800 3251 magnume
1763 3159 1859 3231 est
1911 3159 2119 3249 scire,
2167 3158 2405 3251 quibus
2456 3163 2662 3230 rebus.
2700 3164 3067 3246 efficiatur,
3121 3162 3553 3228 amittaturve
3598 3156 3871 3230 dicendo
3918 3153 4104 3234 illudi

1062 3255 1381 3360 quidquid
1431 3263 1585 3348 est,
1635 3261 1814 3353 quod
1861 3277 1978 3330 aut
2009 3263 2195 3331 effici
2248 3263 2549 3337 dicendo
2576 3277 2916 3356 oportet,
2956 3278 3073 3329 aut
3123 3261 3352 3330 amitti
3393 3281 3529 3330 non
3578 3277 3864 3350 oportet.
3918 3261 4105 3326 1³1·ae-

1064 3362 1192 3430 ssat
1239 3363 1444 3431 etiam
1493 3363 1614 3434 illo
1661 3361 1898 3432 doctus
1949 3366 2226 3434 auditor
2256 3363 2527 3435 ἱιιάοᾶο
2563 3419 2588 3453 ,
2616 3365 2839 3457 ¹‘quod
2880 3363 3039 3454 ssepe
3076 3415 3109 3450 ,
3162 3383 3325 3434 cum
3374 3379 3661 3432 oratores
3702 3364 3893 3446 dno,
3972 3375 4107 3427 aut

1065 3465 1288 3554 plures
1339 3453 1569 3554 populi
1621 3466 1866 3548 judicio
1915 3465 2282 3554 probantur
2318 3519 2349 3556 ,
2392 3468 2570 3560 quod
2618 3466 2873 3538 dicendi
2926 3485 3140 3559 genus
3186 3466 3511 3556 optimum
3558 3463 3671 3546 fir,
3720 3462 4063 3550 intelligit
4092 3510 4125 3528 .

1059 3570 1248 3632 Nam
1299 3567 1514 3654 illud,
1562 3571 1738 3658 quod
1787 3570 2031 3658 populo
2085 3593 2219 3640 non
2274 3570 2627 3660 probatur,
2672 3593 2759 3642 ne
2778 3569 3175 3660 mtelligentr
3228 3570 3489 3661 quidem
3526 3565 3793 3634 auditori
3816 3562 4113 3650 proban

1069 3663 1278 3755 potest
1314 3711 1331 3728 .
1386 3673 1480 3732 Ut
1529 3671 1714 3738 enim
1761 3689 1846 3736 ex
1899 3691 2271 3742 nervorum
2325 3671 2489 3742 sono
2532 3675 2607 3744 in
2662 3673 2949 3762 fidibus,
2998 3693 3213 3764 quam.
3255 3670 3527 3741 scienter
3576 3669 3635 3736 ei
3690 3665 3857 3756 pulfi
3912 3665 4122 3756 sint,

1076 3764 1366 3855 intelligi
1419 3764 1584 3836 solet
1622 3796 1648 3858 ‚-
1729 3771 1816 3837 fic
1867 3793 1953 3840 ex
2008 3773 2393 3843 animorum
2442 3791 2627 3846 motu
2680 3779 2975 3849 cernitur·
3018 3830 3038 3865 ,
3106 3773 3263 3867 quid
3319 3769 3673 3858 traaandis
3738 3769 3841 3840 his
3892 3768 4106 3858 perfi-

1077 3867 1214 3935 ciat
1263 3879 1530 3936 orator.
1581 3823 1814 3960 ltaque
1863 3872 2249 3964 intelligens
2298 3874 2561 3944 dicendi
2607 3879 3019 3950 existimator
3062 3930 3081 3965 ,
3128 3899 3261 3948 non
3315 3875 3591 3944 affidens
3630 3927 3653 3962 ,
3720 3876 3793 3944 &
3850 3887 4117 3940 attente*

1083 3953 1422 4055 audiens,
1471 3967 1580 4038 sed
1631 3993 1770 4040 uno
1821 3973 2122 4066 adipeau
2166 4028 2192 4063 ‚
2262 3977 2361 4046 δε·
2393 3981 2835 4068 praeteriens,
2890 3982 2971 4048 de
3022 3999 3285 4050 oratore
3343 3979 3501 4068 saepe
3550 3975 3833 4058 iudicat.
3884 3973 4105 4040 Videt

1085 4067 1474 4140 oscitantem
1525 4070 1874 4162 iudicem,
1944 4078 2339 4167 loquentem
2401 4101 2563 4149 cum
2614 4083 2882 4170 altere,
2949 4103 3443 4173 nonnunquam.
3502 4081 3701 4148 etiam
3764 4071 4111 4143 circulan-

1087 4187 1274 4259 tem,
1323 4173 1702 4243 mittentem
1757 4176 1840 4244 ad
1887 4177 2083 4247 horas
2121 4206 2144 4268 3
2196 4179 2669 4271 quaefitorem,
2718 4201 2793 4253 ut
2844 4136 3187 4274 dimittat,
3254 4199 3603 4275 rogantem
3658 4207 3693 4248 .··
3730 4174 4039 4267 intellig-it
4078 4231 4108 4265 ‚

1093 4290 1430 4344 oratorem
1475 4276 1545 4344 in
1595 4297 1674 4346 ea
1722 4279 1922 4348 causa
1973 4302 2110 4350 non
2163 4280 2372 4352 adesse
2409 4336 2431 4371 ,
2495 4289 2613 4377 qui
2663 4286 2849 4378 poffit
2898 4291 3141 4358 animis
3190 4286 3485 4366 judicum
3554 4285 3906 4351 admovere
3952 4299 4111 4346 ora-

1092 4379 1341 4446 tionem
1380 4428 1401 4465 ‚
1449 4393 1773 4474 tanquam
1825 4381 2068 4454 fidibus
2118 4403 2398 4454 manum
2436 4435 2453 4455 .
2527 4389 2719 4458 Idem
2770 4389 2821 4458 fi
2869 4394 3241 4478 praeteriens
3294 4386 3663 4478 adspexerit
3708 4381 3955 4453 erestos
4002 4381 4111 4446 in-

1095 4491 1354 4552 tuentes
1405 4481 1696 4573 judices,
1747 4499 1824 4554 ut
1873 4503 1987 4554 aut
2035 4486 2257 4556 doceri
2308 4488 2389 4558 de
2440 4510 2509 4559 re
2546 4543 2569 4580 ,
2616 4489 2814 4584 idque
2862 4507 3061 4559 ettam
3114 4492 3305 4560 vultu
3360 4489 3633 4580 probare
3688 4485 4035 4555 videantur
4088 4509 4120 4550 2

1092 4595 1270 4669 aut,
1319 4597 1396 4650 ut
1445 4604 1646 4655 avem
1697 4603 1989 4658 centua
1953 4589 2247 4679 aliquo,
2290 4591 2382 4660 fic
2426 4593 2583 4662 illos
2632 4593 2862 4664 viderit
2912 4597 3203 4663 oratione
3236 4645 3257 4680 ,
3324 4592 3510 4684 quali
3568 4585 3963 4680 suspensos,
4012 4600 4113 4652 te-

1092 4683 1297 4751 neri:
1351 4701 1506 4772 aut,
1557 4688 1622 4754 id
1675 4690 1855 4778 quqd
1909 4693 2209 4758 maxime
2258 4713 2423 4782 opus
2474 4694 2625 4783 est,
2672 4693 3175 4788 misericordia,
3220 4691 3435 4782 odie,
3484 4708 3675 4762 motu
3728 4687 3931 4758 animi
3982 4687 4117 4752 ali-

1094 4807 1228 4876 quo
1275 4783 1681 4877 perturbatos
1729 4792 1850 4859 effe
1903 4791 2420 4862 vehementius.
2492 4817 2569 4864 ea
2622 4793 2667 4864 fi
2719 4795 3095 4885 praeteriens
3166 4807 3191 4884 (
3218 4811 3291 4870 ut
3342 4796 3533 4886 dixi)
3586 4789 4011 4884 adspexerit,
4064 4789 4115 4856 fi

1101 4887 1270 4958 nihil
1322 4888 1658 4980 audierit,
1727 4906 1956 4962 tamen
2007 4913 2342 4964 oratorem
2390 4894 2639 4966 versari
2705 4898 2773 4964 in
2826 4896 2942 4964 illo
2993 4899 3241 4978 judicio
3276 4951 3299 4990 ,
3366 4901 3439 4973 δε
3512 4919 3680 4991 opus
3744 4889 4121 4965 oratorium

1096 4983 1284 5078 fieri,
1335 5009 1452 5064 aut
1500 4993 1871 5088 perfeftum
1923 4994 2059 5076 jam
2107 4997 2233 5088 effe
2260 5048 2283 5086 ,
2331 4998 2625 5088 proftho
2670 4998 3047 5093 intelliget.
3856 5097 3988 5168 LV
