4359 6321
869 462 1478 551 LIBER
1603 464 2406 555 PRIMUS.
2950 498 3109 560 ¹21

245 602 384 649 non
439 576 882 667 eloquentiam
933 602 1014 647 ex
1071 579 1390 663 artificio,
1445 576 1548 645 sed
1601 581 1963 649 artificium
2013 602 2098 649 ex
2146 580 2519 672 eloquentia
2570 596 2865 671 natum;
2915 588 3093 675 quod
3146 602 3243 653 ta-

245 702 403 751 men
449 731 468 765 ‚
540 696 616 746 ut
667 696 826 746 ante
875 680 1014 746 dixi
1057 732 1078 764 ,
1145 702 1284 749 non
1337 679 1530 755 ejicio
1566 726 1583 744 .
1657 681 1767 747 Est
1815 681 1994 747 enim
2037 734 2060 767 ,
2105 682 2359 749 etiamsi
2410 683 2631 751 minus
2684 684 3108 755 neceffarium
3158 688 3239 753 ad

251 784 412 850 bene
463 778 870 864 dicendum,
923 797 1148 847 tamen
1201 780 1286 847 ad
1339 778 1873 867 cognoscendum
1925 800 2060 846 non
2115 780 2473 850 illiberale.

343 886 440 947 Ea
489 880 874 947 exercitatio
924 880 1224 969 quaedam
1275 878 1686 967 suscipienda
1737 880 1920 949 vobis
1967 879 2094 947 est:
2149 903 2535 972 quanquam
2589 906 2707 953 vos
2759 885 3025 976 quidem
3071 887 3235 964 jam-

237 983 502 1071 pridem
549 980 694 1049 estis
748 982 816 1046 in
865 980 1062 1049 cursu
1109 1006 1125 1045 :
1201 978 1310 1047 sed
1363 980 1441 1045 iis
1481 1032 1502 1065 ‚
1571 981 1686 1069 qui
1737 978 2207 1070 ingrediuntur
2260 984 2329 1049 in
2380 982 2665 1053 stadium
2704 1038 2724 1071 ,
2795 989 3044 1078 quique
3090 1006 3169 1053 ea
3218 1040 3239 1073 ,

237 1106 384 1173 quae
441 1080 694 1171 agenda
745 1079 900 1147 sunt
951 1082 1020 1147 in
1077 1080 1224 1147 foro
1265 1132 1286 1165 ‚
1355 1098 1674 1169 tanquam
1729 1082 1798 1145 in
1849 1082 1986 1149 acie
2027 1132 2046 1167 ‚
2114 1082 2370 1169 poffunt
2422 1086 2627 1151 etiam
2682 1107 2862 1154 nunc
2915 1087 3245 1155 exercita--

243 1186 418 1251 tione
469 1182 651 1272 quasi
705 1182 964 1248 ludicra
1019 1180 1398 1269 praediscere
1440 1232 1460 1264 ,
1509 1200 1587 1250 ac
1639 1180 1990 1248 meditari.

343 1288 539 1353 Hanc
593 1281 800 1371 ipsam
845 1334 866 1368 ,
917 1284 1130 1371 inquit
1182 1280 1507 1369 Sulpicius
1557 1334 1580 1367 ,
1627 1281 1796 1348 noffe
1847 1280 2201 1349 volumus:
2258 1298 2547 1351 attamen
2600 1282 2765 1371 ista,
2815 1306 2961 1374 quae
3013 1284 3127 1352 abs
3176 1302 3239 1353 te

239 1381 524 1453 breviter
575 1383 655 1451 de
709 1398 850 1452 arte
897 1381 1174 1453 decursa
1227 1382 1380 1449 sunt
1422 1432 1443 1466 ,
1493 1382 1720 1450 audire
1768 1384 2136 1472 cupimus,
2204 1404 2592 1473 quanquam
2644 1382 2769 1451 fint
2836 1384 3025 1451 nobis
3076 1406 3237 1474 quo-

236 1507 368 1573 que
422 1507 560 1553 non
613 1483 903 1553 inaudita
943 1530 958 1549 .
1029 1486 1296 1551 Verum
1345 1482 1464 1553 illa
1515 1503 1672 1551 mox
1721 1507 1737 1548 ε
1819 1506 2002 1553 nunc
2051 1480 2132 1549 de
2179 1484 2315 1573 ipsa
2363 1486 2832 1554 exercitatione
2882 1486 3045 1576 quid
3098 1484 3237 1553 sen-

237 1587 411 1669 tias,
461 1586 852 1674 quaerimus.

343 1689 668 1754 XXXIII.
727 1683 1051 1776 Equidem
1103 1685 1304 1775 probo
1355 1686 1470 1755 ista
1511 1740 1532 1773 ‚
1597 1686 1854 1756 Crassus
1907 1688 2123 1779 inquit
2163 1738 2188 1773 ,
2262 1709 2403 1779 quae
2476 1706 2595 1755 vos
2668 1686 2883 1755 facere
2953 1686 3178 1753 soletis
3216 1738 3237 1773 ,

235 1802 314 1851 ut
351 1836 373 1871 ,
421 1787 620 1857 causa
675 1789 894 1877 aliqua
944 1788 1149 1877 polita
1203 1788 1524 1857 consimili
1577 1786 1930 1858 causarum
1983 1808 2215 1857 earum
2268 1842 2289 1876 ‚
2339 1811 2484 1879 quae
2532 1788 2605 1855 in
2658 1788 2879 1856 forum
2930 1786 3239 1855 deferun-

243 1900 397 1968 tur,
445 1886 684 1952 dicatis
735 1908 941 1974 quam
991 1889 1288 1955 maxime
1345 1890 1424 1954 ad
1479 1891 1832 1957 veritatem
1873 1888 2410 1959 accommodate.
2462 1890 2589 1959 Sed
2642 1890 2942 1981 plerique
2990 1890 3059 1957 in
3112 1889 3237 1956 hoc

243 2004 484 2051 vocem
537 1984 776 2068 mod0,
826 2003 1038 2073 neque
1087 2006 1238 2051 eam
1293 1985 1606 2072 scienter,
1659 1992 1924 2057 &vires
1975 2008 2288 2059 exercent
2346 1990 2536 2075 suaS‚
2588 1994 2657 2062 &
2718 1993 2959 2081 lingua:
3008 1990 3235 2057 celeri.

245 2100 454 2149 tatem
507 2087 832 2171 incitant,
883 2081 1363 2174 verborumque
1417 2086 1788 2175 frequentia
1837 2087 2293 2157 delettantur:
2347 2090 2416 2153 in
2467 2110 2601 2175 quo
2622 2091 2801 2158 fallit
2848 2110 2999 2178 eos,
3052 2089 3235 2179 quod

233 2185 640 2269 audierunt,
693 2188 956 2253 dicendo
995 2183 1324 2271 hanzines,
1361 2204 1434 2251 ut
1469 2188 1738 2271 dicant,
1793 2184 2033 2269 efficere
2073 2186 2313 2272 solere.
2368 2190 2543 2253 Vere
2590 2190 2773 2255 enim
2822 2195 3024 2259 etiam
3076 2186 3241 2255 illud

229 2283 523 2371 dicitur,
565 2283 862 2371 perverse
881 2286 1088 2353 dicere
1117 2338 1136 2371 ‚
1171 2284 1500 2371 homines,
1539 2283 1838 2373 perverse
1863 2288 2164 2372 dicendo,
2205 2285 2540 2376 facillime
2558 2287 2841 2373 conseque·
2869 2338 2885 2356 .
2941 2294 3238 2372 Quamo-

233 2382 426 2453 brem
483 2388 554 2453 in
608 2382 746 2455 istis
785 2386 936 2475 ipfis
982 2384 1604 2470 exercitationibus,
1654 2385 1772 2453 etfi
1827 2388 1993 2454 utile
2039 2385 2133 2453 est
2171 2437 2193 2472 ,
2240 2388 2441 2456 etiam
2494 2384 2703 2455 subito
2762 2385 2921 2480 saepe
2974 2388 3193 2456 dicere
3224 2440 3246 2472 ‚

224 2505 466 2555 tamen
513 2485 681 2555 illud
733 2489 1000 2572 utilius,
1053 2484 1314 2575 sumpto
1365 2486 1568 2576 spatio
1622 2483 1706 2553 ad
1757 2486 2232 2576 cogitandum,
2282 2487 2577 2574 paratius
2612 2505 2811 2577 atque
2868 2491 3243 2555 accuratius

229 2588 489 2657 dicere.
542 2594 758 2676 Caput
809 2606 1034 2656 autem
1083 2588 1216 2673 est,
1265 2590 1442 2678 quod
1489 2602 1619 2676 (ut
1647 2606 1796 2653 vere
1847 2589 2118 2675 dicam)
2173 2583 2455 2655 minime
2494 2588 2815 2675 facimus,
2868 2587 3011 2676 (est
3060 2591 3241 2658 enim

219 2691 469 2777 magni
521 2687 806 2777 laboris;
857 2712 1056 2779 quem
1098 2691 1392 2779 plerique
1427 2689 1782 2778 fugimus)
1822 2708 2030 2779 quam
2067 2687 2439 2776 plurimum
2462 2685 2767 2757 scribere.
2822 2687 3033 2763 stylus
3074 2698 3239 2777 (41.)

237 2800 521 2879 optimus
560 2841 583 2877 ‚
653 2789 739 2862 θ’
783 2790 1338 2877 praestantIffimus
1391 2792 1648 2859 dicendi
1701 2788 1949 2876 effec‘i'or
1987 2841 2012 2875 ‚
2081 2809 2160 2855 ac
2216 2788 2517 2881 magister
2550 2812 2579 2852 .·
2653 2808 2864 2879 neque
2933 2788 3235 2867 injuria:

223 2910 398 2965 nam
467 2892 516 2959 si
569 2888 852 2960 subitam
921 2895 994 2963 &
1108 2892 1454 2961 fortuitam
1525 2890 1886 2963 orationem
1975 2890 2455 2958 commentatio
2527 2892 2599 2961 &
2666 2889 2983 2981 cogitatio
3049 2888 3244 2956 facile

227 2994 488 3079 vincit3
543 2992 716 3060 hanc
767 2992 976 3079 ipsam
1025 2992 1316 3082 profetlo
1366 2990 1608 3063 affidua
1665 3010 1742 3058 ac
1795 2990 2082 3081 diligens
2135 2990 2453 3081 scriptura
2506 2988 2871 3080 superabit.
3138 3066 3151 3081 .

340 3095 598 3157 Omnes
645 3092 830 3157 enim
883 3090 1014 3159 sive
1068 3096 1220 3162 artis
1281 3093 1430 3162 sunt
1486 3094 1651 3188 loci,
1703 3090 1841 3157 five
1893 3093 2143 3183 ingenii
2194 3092 2541 3172 cuiusdam
2591 3109 2788 3185 atque
2841 3091 3239 3192 prudentiae,

233 3190 356 3279 qui
411 3191 613 3258 modo
659 3187 892 3256 insunt
940 3194 1016 3260 in
1059 3211 1136 3259 ea
1187 3213 1256 3260 re
1292 3244 1315 3278 ,
1385 3195 1468 3260 de
1515 3213 1647 3283 qua
1702 3191 2048 3266 scribimus
2089 3247 2112 3279 ‚
2188 3192 2677 3284 acquirentibus
2730 3195 2915 3262 nobis
2954 3245 2978 3278 ,
3028 3192 3245 3260 omni-

235 3310 369 3380 que
423 3289 562 3359 acie
609 3290 862 3379 ingenii
914 3291 1512 3378 contemplantibus
1567 3291 1924 3359 ostendunt
1979 3295 2044 3360 se
2098 3296 2172 3362 &
2230 3308 2635 3379 occurrunt5
2691 3291 3051 3380 omnesque
3104 3291 3247 3358 sen-

223 3393 454 3460 tentiae
492 3437 513 3479 ,
563 3387 890 3480 verbaque
939 3391 1166 3459 omnia
1212 3442 1233 3476 ‚
1305 3413 1448 3480 quae
1499 3391 1652 3459 sunt
1697 3389 2021 3478 cuiusque
2071 3394 2337 3478 generis
2368 3389 2689 3478 ,maxime
2741 3389 3067 3473 illustria,
3117 3384 3235 3452 sub

233 3513 523 3561 acumen
572 3491 728 3576 styli
780 3491 1054 3562 subeant
1093 3543 1114 3576 ‚
1187 3493 1260 3560 &
1318 3490 1666 3558 succedant
1719 3489 1967 3557 necesse
2014 3490 2163 3556 est:
2240 3503 2387 3556 tum
2437 3485 2571 3575 ipsa
2620 3485 2973 3556 collocatio
3012 3537 3033 3572 ‚
3082 3506 3247 3554 con-

231 3595 686 3684 formatioque
739 3591 1098 3662 verborum
1149 3590 1486 3678 perficitur
1555 3591 1624 3656 in
1695 3585 2041 3657 scribendo
2078 3642 2101 3675 ,
2173 3611 2307 3657 non
2374 3589 2633 3675 poetico
2671 3639 2694 3672 ,
2766 3585 2876 3654 sed
2952 3588 3248 3677 quodam

233 3695 534 3763 oratorio
584 3712 870 3762 numero
945 3693 1016 3762 &
1073 3691 1278 3760 modo
1313 3739 1334 3758 .
1407 3693 1568 3760 Haec
1623 3687 1776 3758 sunt
1814 3742 1836 3774 ‚
1886 3711 2032 3778 quae
2081 3688 2460 3772 clamores,
2514 3689 2584 3758 ἀ
2642 3685 3113 3754 admirationes
3170 3687 3242 3754 in

225 3793 424 3863 bonis
473 3790 836 3862 oratoribus
888 3793 1186 3861 efficiunt
1222 3819 1250 3879 ,·
1325 3811 1540 3881 neque
1586 3809 1662 3856 ea
1712 3789 2060 3879 quisquam
2103 3843 2124 3876 ,
2198 3791 2313 3857 nisi
2370 3788 2481 3854 diu
2540 3841 2563 3874 ,
2614 3789 3039 3878 multumque
3090 3786 3243 3854 leri·

230 3898 537 3988 ptitarit,
584 3895 840 3962 etiamsi
893 3891 1449 3962 veliementiffime
1503 3889 1567 3958 se
1619 3891 1688 3956 in
1743 3891 1848 3956 his
1901 3888 2128 3958 subitis
2177 3885 2573 3958 dietionibus
2622 3889 3035 3974 exercuerit,
3086 3908 3243 3956 con-

231 3998 602 4086 sequetur:
660 3999 730 4066 &
784 3997 896 4084 qui
946 4013 985 4060 a
1038 3989 1358 4062 scribendi
1409 3988 1888 4060 consuetudine
1939 3991 2024 4058 ad
2075 3991 2439 4060 dicendum
2494 3989 2675 4057 venit
2728 4043 2749 4076 ‚
2822 3985 2995 4057 hanc
3049 3987 3243 4056 affert

227 4097 634 4166 facultatem
671 4147 692 4183 ‚
765 4113 840 4162 ut
876 4148 899 4183 ,
963 4095 1168 4162 etiam
1224 4092 1436 4162 subito
1487 4093 1536 4160 fi
1589 4093 1766 4161 dicat
1808 4101 1838 4179 ,“
1877 4109 2107 4160 tamen
2158 4093 2275 4162 illa
2308 4143 2331 4177 ,
2384 4111 2526 4180 quae
2580 4089 2887 4161 dicantur
2926 4142 2951 4177 ,
3006 4087 3243 4158 nmilia

225 4199 631 4286 scriptorum
681 4197 803 4264 effe
853 4193 1250 4285 videantur3
1303 4210 1499 4284 atque
1550 4195 1798 4284 etiam,
1852 4190 1899 4260 si
1948 4193 2213 4288 quando
2261 4196 2334 4264 in
2372 4189 2673 4262 dicendo
2710 4189 3025 4280 scriptum
3077 4205 3246 4258 attu-

445 4303 620 4365 Tom.
677 4299 732 4364 I.
1375 4369 1396 4386 .
2320 4296 2415 4376 Q
2994 4291 3144 4359 lei-it

241 4497 3244 4574 Μ

299 4683 330 4743 (
354 4699 426 4752 ⁴¹
453 4683 484 4743 3
521 4680 706 4759 stylus
729 4681 760 4744 )
796 4674 1029 4752 Proprie
1065 4675 1338 4749 fignificat
1372 4672 1660 4747 graphium
1683 4715 1704 4742 ,
1802 4661 1991 4732 modus
2043 4677 2100 4731 δε
2152 4670 2294 4753 ratio
2347 4665 2619 4730 scribendi
2654 4709 2671 4735 ,
2742 4665 2833 4728 seu
2859 4657 3249 4752 ‚conformatio

233 4749 342 4808 hoc
383 4749 512 4816 est,
545 4768 696 4808 acum
733 4745 988 4816 ferream,
1028 4767 1130 4818 qua
1165 4747 1408 4810 Romani
1449 4763 1662 4804 veteres
1687 4788 1705 4814 ,
1800 4763 1944 4805 certa
1981 4741 2469 4824 sententiarum&
2528 4739 2816 4822 verborum
2856 4760 2917 4798 in
2956 4749 3243 4797 oratione:

233 4840 360 4880 cum
406 4820 474 4877 in
510 4817 754 4880 obductis
788 4839 904 4878 cera
943 4819 1130 4878 tabulis
1186 4817 1493 4878 scriberent
1521 4859 1538 4884 ,
1573 4836 1696 4876 ute-
1839 4815 2080 4875 uomodo
2117 4816 2519 4875 Ciceronianus
2542 4852 2563 4879 ,
2592 4807 3042 4892 Vir5ilianusque
3078 4801 3249 4872 stylus

233 4893 438 4948 bantur
478 4891 544 4969 ad
583 4889 888 4952 formandas
923 4890 985 4973 in
1021 4909 1142 4971 cera
1177 4891 1392 4971 literas.
1431 4889 1544 4972 Hic
1581 4887 1698 4960 sty-
1800 4837 2040 4954 aicitur.
2079 4885 2375 4948 Interdum
2413 4885 2575 4942 etiam
2611 4881 2879 4964 accipitur
2912 4897 3019 4950 pro
3057 4889 3247 4952 repre-

233 4964 322 5020 lns
359 4963 596 5026 sumitur
647 4982 754 5038 pro
807 4979 1202 5024 exercitatione
1253 4960 1536 5032 scribendi
1585 4963 1702 5021 ire·
1799 4957 2074 5020 heiifione
2105 5000 2126 5026 ‚
2171 4979 2285 5040 guo
2324 4955 2485 5016 sensu
2522 4953 2737 5014 Tullius
2783 4969 2860 5010 ait
2886 4989 2906 5018 ,
2941 4941 3251 5006 censorium

233 5051 481 5106 quenter
502 5074 522 5104 ,
553 5039 612 5094 ἃ.
645 5053 749 5110 per
789 5035 970 5099 otium
994 5073 1012 5094 .
1051 5033 1234 5110 Vulgo
1273 5031 1443 5106 stylus
1476 5029 1552 5095 est
1583 5031 1700 5107 ipse
1801 5029 2002 5105 stylum
2033 5025 2466 5105 pertimescere.
2498 5021 2789 5094 Frusteni-
