4359 6321
790 472 1397 565 LIBER
1516 472 2614 567 SECUNDUS·
2931 510 3112 605 227

267 616 345 667 ac
394 612 716 680 munera,
768 593 839 661 δε
900 588 1013 661 sua
1062 592 1301 681 cuique
1356 592 1625 663 virtutis
1676 591 1823 657 laus
1876 594 2136 681 propria
2188 592 2468 663 debetur
2509 647 2534 683 ,
2579 592 2708 665 erit
2753 598 3232 687 explicandum

262 698 335 763 in
388 692 579 763 laude
635 688 885 773 justitiae
926 746 949 776 ‚
1014 690 1173 781 quid
1220 712 1379 759 cum
1432 692 1603 777 fide,
1654 692 1813 782 quid
1868 712 2026 760 cum
2096 692 2539 785 aequabilitate
2570 751 2591 787 ,
2643 697 2804 789 quid
2851 720 3014 773 cum
3063 700 3231 781 eius-

260 796 445 863 modi
490 793 719 885 aliquo
766 790 987 859 officio
1038 794 1136 877 is,
1182 792 1295 882 qui
1350 789 1769 880 laudabitur,
1820 790 2088 862 fecerit.
2140 798 2446 887 Itemque
2497 798 2566 864 in
2637 801 2895 869 caeteris
2965 820 3068 869 res
3122 820 3236 891 ge-

260 894 365 965 stae
416 894 505 965 ad
554 892 874 985 cujusque
922 894 1189 961 virtutis
1243 913 1503 983 genuS,
1559 896 1629 965 δε
1686 894 1871 979 vim,
1926 896 1995 965 &
2060 914 2311 963 nomen
2362 898 3076 971 accommodabuntur.

362 996 741 1065 Gratiffima
812 1010 1035 1063 autem
1088 994 1239 1061 laus
1306 1014 1550 1064 eorum·
1590 994 1921 1065 fastorum
1984 990 2310 1082 habetur,
2377 1020 2518 1087 quoe
2575 1000 2872 1091 sustepta
2925 1004 3236 1074 videntur

258 1118 303 1167 a
356 1097 519 1167 viris
574 1097 855 1167 fortibus
924 1096 1060 1164 fine
1108 1095 1567 1165 emolumento
1637 1115 1713 1164 ac
1768 1096 2084 1186 praemio:
2132 1118 2282 1188 quae
2337 1118 2498 1165 vero
2547 1103 2754 1170 etiam
2803 1123 2960 1171 cum
3015 1102 3242 1175 labore

252 1200 331 1269 ὅ(
392 1201 685 1288 periculo
734 1197 1025 1287 ipsorum
1066 1249 1089 1283 ,
1154 1194 1293 1267 haec
1344 1194 1585 1267 habent
1650 1192 2050 1265 uberrimam
2100 1199 2356 1285 copiam
2415 1196 2496 1263 ad
2567 1198 3019 1289 laudandum,
3068 1208 3244 1292 quod

255 1300 331 1371 ὅ(
389 1302 523 1369 dici
590 1300 994 1369 ornatiffime
1062 1296 1315 1387 poffunt
1351 1351 1374 1384 ,
1444 1300 1515 1368 &
1600 1297 1815 1365 audiri
1866 1297 2186 1367 facillitne
2225 1348 2240 1363 .
2303 1302 2395 1365 Ea
2443 1296 2626 1367 enim
2675 1299 2966 1389 denique
3025 1303 3238 1375 virtus

246 1401 379 1469 effe
432 1403 699 1472 videtur
766 1398 1127 1489 praestantis
1178 1400 1303 1467 viri
1348 1452 1368 1488 ,
1438 1420 1581 1491 quae
1648 1397 1744 1466 est
1795 1396 2125 1468 frustuosa
2175 1398 2320 1467 aliis
2361 1448 2384 1485 ,
2429 1398 2540 1491 ipfi
2595 1416 2822 1470 autem
2877 1400 3192 1473 laboriosa
3221 1459 3252 1495 ‚

252 1516 373 1569 aut
442 1500 803 1593 periculo&
844 1554 869 1588 ,
932 1515 1047 1571 ant
1096 1518 1270 1569 certe
1316 1503 1609 1591 gratuita
1650 1546 1667 1565 .
1740 1496 1993 1591 Magna
2045 1499 2250 1566 etiam
2296 1501 2420 1568 illa
2489 1500 2638 1569 laus
2687 1504 2758 1572 δε
2817 1502 3236 1573 admirabilis

250 1601 467 1671 videri
522 1603 726 1691 solet,
774 1603 987 1672 tulisse
1036 1600 1226 1671 casus
1280 1601 1595 1693 sapienter
1648 1600 1989 1688 adveribs,
2047 1620 2182 1669 non
2235 1600 2526 1670 stastum
2575 1602 2696 1671 effe
2745 1603 3010 1671 fortuna
3048 1655 3071 1691 ,
3135 1626 3237 1673 re·-

259 1703 531 1775 tinuiffe
578 1704 645 1775 in
696 1702 888 1775 rebus
941 1706 1183 1794 asperis
1234 1706 1667 1795 dignitatem.

363 1806 595 1895 Neque
644 1822 869 1874 tamen
922 1806 1038 1873 illa
1090 1827 1224 1873 non
1273 1821 1557 1894 ornant,
1610 1800 1821 1873 habiti
1863 1802 2191 1889 honores,
2246 1802 2506 1872 decreta
2585 1802 2864 1876 virtutis
2935 1803 3252 1892 praemia,

250 1927 365 1975 res
402 1908 636 1995 gestae,
686 1908 943 1985 judiciis
980 1907 1338 1975 hominum
1386 1902 1865 1996 comprobatae:
1917 1906 1987 1974 in
2038 1904 2274 1996 quibus
2307 1905 2552 1989 etiam,
2605 1905 2993 1973 felicitatem
3034 1904 3249 1995 ipsam

247 2008 534 2074 deorum
604 2008 1089 2075 immortalium
1140 2008 1387 2087 iudicio
1456 2006 1711 2093 tribui,
1782 2008 2179 2075 laudationis
2251 2007 2344 2076 est
2380 2054 2399 2071 .
2450 2006 2802 2082 Sumenda
2864 2024 3089 2075 autem
3139 2028 3250 2077 res

238 2122 453 2176 erunt
505 2123 618 2175 aut
668 2108 1138 2197 magnitudine
1190 2105 1608 2197 praestabiles,
1655 2122 1773 2174 aut
1822 2107 2119 2175 novitate
2164 2111 2428 2196 primae,
2485 2122 2601 2175 aut
2655 2126 2898 2197 genere
2940 2108 3079 2195 ipso
3117 2106 3244 2174 fin-

238 2206 562 2297 gulares.
611 2212 847 2298 Neque
894 2210 1077 2279 enim
1130 2230 1399 2301 parvae,
1448 2228 1663 2299 neque
1711 2206 2010 2293 ufitatae,
2058 2230 2279 2299 neque
2331 2206 2650 2298 vulgares
2687 2260 2708 2295 ,
2759 2207 3249 2295 admiratione,

238 2324 375 2377 aut
422 2312 709 2377 omnino
760 2308 955 2381 laude
1000 2311 1223 2399 dignae
1278 2309 1487 2377 videri
1540 2309 1785 2377 solent.

354 2408 467 2476 Est
512 2411 715 2479 etiam
762 2430 926 2480 cum
970 2411 1219 2479 caeteris
1286 2407 1725 2499 praestantibus
1792 2410 1958 2476 viris-
2017 2408 2422 2499 comparatio
2493 2410 2564 2477 in
2637 2406 3020 2479 laudatione
3086 2430 3246 2498 prae-

234 2512 433 2581 clara
468 2558 491 2578 .
540 2515 645 2582 De
694 2533 831 2603 quo
884 2531 1125 2604 genere
1194 2509 1454 2579 libitum
1524 2509 1617 2579 est
1682 2508 1861 2579 mihi
1923 2512 2129 2599 paulo
2174 2513 2368 2601 plura
2407 2560 2428 2594 ,
2495 2530 2706 2601 quam
2773 2509 3182 2579 ostenderam
3223 2564 3258 2599 ,

232 2613 517 2700 dicere,
568 2636 701 2685 non
756 2629 893 2681 tam
945 2628 1199 2704 propter
1264 2610 1463 2681 usum
1531 2609 1869 2679 forensem
1912 2664 1935 2698 ,
1999 2611 2112 2701 qui
2163 2612 2258 2680 est
2306 2634 2346 2679 a
2397 2631 2508 2679 me
2557 2613 2627 2678 in
2675 2610 2862 2676 omni
2930 2612 3058 2678 hoc
3109 2609 3240 2679 ier-

236 2734 452 2783 mone
500 2715 864 2802 “astatus-,⁴
911 2734 1113 2805 quam
1168 2730 1243 2785 ut
1294 2714 1425 2780 hoc
1480 2712 1831 2797 videretis,
1883 2712 1932 2779 fi
1984 2712 2396 2781 laudationes
2442 2710 2640 2779 effent
2687 2711 2754 2777 in
2813 2710 3088 2777 oratoris
3135 2710 3238 2776 ofss

236 2816 445 2900 ficio,
494 2814 671 2905 quod
717 2836 918 2883 nemo
968 2829 1170 2904 negat
1204 2866 1227 2902 ,
1291 2812 1539 2881 oratori·
1586 2812 1913 2880 virtutum
1968 2818 2283 2883 omnium
2325 2812 2772 2903 cognitionem
2812 2862 2832 2895 ,
2907 2810 3041 2881 fine
3107 2830 3244 2900 qua

240 2914 543 2983 laudatio
584 2915 751 2985 effici
804 2938 937 2983 non
990 2916 1224 3007 poffit,
1261 2914 1387 2982 effe
1438 2914 1902 2982 necessariam,
2493 2925 2537 2956 ἵ

352 3018 507 3094 Jam
552 3016 963 3104 vituperandi
1038 3030 1352 3106 praecepta
1420 3014 1766 3085 contrariis
1837 3034 1919 3081 ex
1992 3014 2167 3083 vitiis
2240 3010 2565 3083 sumenda
2629 3012 2754 3082 effe
2819 3008 3250 3101 perspicuum

236 3115 382 3185 est.
433 3117 646 3186 Simul
694 3114 785 3184 est
832 3114 1001 3184 illud
1054 3132 1203 3183 ante
1252 3115 1524 3202 oculos,
1578 3136 1699 3184 nec
1752 3112 2000 3184 bonum
2053 3116 2274 3182 virum
2331 3114 2585 3203 proprie
2659 3116 2728 3184 δι’
2785 3111 3044 3204 copiose
3097 3110 3241 3183 lau-

238 3217 395 3282 dari
422 3266 455 3299 ,.
510 3217 645 3282 fine
709 3217 1030 3282 virtutum
1069 3266 1099 3298 ,
1161 3233 1280 3282 nec
1350 3214 1726 3302 improbum
1796 3217 2012 3281 not-ari
2081 3235 2159 3282 ac
2233 3215 2648 3302 vituperari,
2718 3213 2854 3282 stne
2923 3214 3244 3280 vitiorum

242 3311 637 3400 cognitione
672 3363 707 3399 ,.
764 3311 914 3380 fatis
978 3311 1285 3400 infignite
1339 3327 1536 3401 atque
1586 3311 1804 3400 aspere
1855 3313 2025 3400 poffe
2058 3359 2075 3375 .
2152 3317 2377 3400 Atque
2445 3313 2562 3379 his
2603 3311 2768 3378 locis
2838 3315 2908 3381 &
2969 3309 3254 3406 laudan-

242 3413 319 3480 di
362 3465 395 3498 ,
434 3415 505 3482 ἃς
562 3413 975 3504 vituperandi
1028 3409 1185 3500 saepe
1236 3407 1424 3480 nobis
1472 3410 1561 3480 est
1612 3412 1935 3480 utendum
1987 3413 2055 3477 in
2108 3413 2292 3477 omni
2344 3429 2590 3497 genere
2640 3407 3039 3478 causarum.

354 3513 637 3583 Habetis
677 3569 698 3603 ,
746 3515 829 3583 de
878 3513 1295 3583 inveniendis
1345 3512 1537 3581 rebus
1572 3565 1595 3599 ,
1641 3508 2184 3602 disponendisque
2233 3509 2402 3600 quid
2451 3505 2730 3576 {entiam
2770 3557 2798 3574 a
2858 3505 3254 3593 Adiungam

240 3612 453 3682 etiam
500 3616 581 3686 de
632 3617 953 3686 memoria
994 3667 1015 3701 ,
1084 3629 1157 3680 ut
1224 3612 1439 3680 labore
1485 3614 1793 3682 Crassum
1836 3611 2051 3680 levem
2094 3665 2125 3698 ,
2184 3630 2400 3699 neque
2449 3608 2513 3677 ei
2581 3607 2940 3700 quidquam
3009 3605 3188 3673 aliud
3223 3656 3262 3694 ,.

240 3717 335 3783 de
382 3737 519 3806 quo
566 3717 855 3804 differat,
906 3716 1322 3806 relinquam,
1373 3713 1495 3781 nifi
1544 3734 1665 3800 ea,
1718 3711 1961 3806 quibus
2006 3714 2145 3780 haec
2192 3725 2640 3780 exornentur.
3237 3721 3242 3728 ’

356 3821 738 3887 LXXXVI.
789 3821 997 3907 Perge
1046 3837 1209 3884 vero
1245 3867 1266 3900 ,
1334 3815 1549 3906 inquit
1598 3815 1859 3883 Craffus
1898 3862 1917 3880 .
1984 3812 2295 3880 Libenter
2347 3813 2531 3878 enim
2599 3825 2663 3878 te
2712 3808 3060 3898 cognitum
3112 3809 3258 3886 jam

246 3917 580 3988 artificem
620 3973 641 4008 ,
692 3918 1174 4010 aliquandoque
1220 3916 1570 3984 evolutum
1626 3915 1763 3983 illis
1810 3915 2290 4004 integumentis
2325 3909 2850 3982 dissimulationis
2902 3926 3070 3996 ωε,
3122 3929 3248 3976 nu-

244 4019 619 4113 datumque
675 4021 1029 4109 perspicio:
1080 4019 1153 4088 &
1208 4015 1383 4108 quod
1437 4019 1603 4084 mihi
1654 4015 1869 4103 nihil,
1920 4031 2033 4082 aut
2081 4014 2256 4105 quod
2305 4011 2441 4082 non
2494 4013 2787 4080 multum
2857 4008 3170 4102 relinquis
3227 4063 3260 4096 ,‚

244 4123 709 4211 percommode
760 4123 969 4205 facis,
1016 4115 1239 4209 estque
1287 4119 1451 4185 mihi
1504 4134 1815 4208 gratum.
1866 4117 2019 4197 Iam
2060 4117 2222 4182 istuc
2273 4130 2612 4205 quantum
2653 4111 2768 4180 tibi
2789 4133 2918 4201 ego
2966 4113 3249 4200 relique-

246 4221 1107 4315 rim,-inquju-Antonius
1147 4272 1170 4306 ,
1236 4221 1358 4285 erit
1420 4219 1485 4285 in
1540 4235 1657 4288 tua
1714 4218 2025 4307 potestate
2062 4265 2078 4282 .
2148 4217 2214 4283 Si
2288 4221 2472 4285 enim
2528 4235 2687 4282 vere
2760 4235 2961 4302 agere
3025 4207 3248 4278 volue-

234 4326 396 4414 τῖς,
460 4327 685 4396 omnia
734 4321 847 4390 tibi
898 4322 1203 4410 relinquo
1240 4367 1257 4386 .
1327 4319 1441 4388 Sin
1510 4316 1908 4388 diffimulare
1949 4371 1979 4404 ,.
2036 4315 2750 4406 tu„quemadmodum
2817 4315 2920 4380 his
2993 4311 3248 4380 satisfa-

248 4428 389 4496 cias
434 4479 457 4515 ,
503 4425 749 4496 videris
794 4423 990 4492 ..Sed
1026 4475 1049 4509 ,
1116 4436 1193 4488 ut
1244 4417 1325 4484 ad
1375 4431 1519 4486 rem
1566 4417 1827 4486 redeam
1873 4471 1894 4504 ,
1952 4439 2081 4486 non
2138 4413 2283 4482 sum
2337 4433 2522 4483 tanto
2573 4437 2697 4505 ego
2737 4467 2758 4502 ,
2825 4415 3036 4505 inquit
3079 4467 3097 4498 ,
3149 4413 3248 4480 in-

250 4528 454 4618 genio
493 4581 529 4617 ,.
567 4544 819 4619 quanto
872 4521 1351 4594 Themistocles
1404 4521 1533 4586 fuit
1576 4573 1597 4607 ,
1665 4537 1740 4588 ut
1812 4520 2181 4586 oblivionis·
2241 4536 2507 4601 artem,
2575 4537 2780 4606 quam
2847 4514 3186 4583 memoria:
3228 4565 3262 4603 ,.

252 4629 554 4699 malim:
652 4630 1063 4719 gratiamque
1138 4621 1344 4690 habeo
1400 4619 1721 4690 Simonidi
1792 4619 1892 4688 illi
1948 4623 2083 4686 ceo
2124 4672 2143 4704 ,
2231 4638 2430 4706 quem
2499 4621 2793 4705 primum
2859 4617 3076 4684 ferunt
3147 4633 3248 4679 ar·

246 4749 394 4800 tem
476 4731 815 4800 memoriae
886 4721 1213 4816 protuliffe
1254 4770 1273 4788 .
1345 4723 1601 4792 Dicunt
1650 4723 1833 4790 enim
1872 4773 1899 4810 ,
1961 4742 2123 4788 cum
2189 4735 2492 4788 coenaret
2547 4725 2854 4786 Cranone
2925 4722 2990 4786 in
3042 4713 3251 4784 Thes-

250 4832 423 4900 salia
472 4829 844 4902 Simonides
889 4829 1063 4916 apud
1116 4829 1392 4913 Scopam
1431 4877 1453 4911 ,
1508 4823 1922 4891 fortunatum
1972 4822 2310 4890 hominem
2366 4824 2436 4890 &
2493 4821 2783 4908 nobilem
2823 4871 2844 4905 ,
2911 4813 3260 4884 cecinisset-

246 4954 389 5024 que
442 4934 509 5001 id
562 4951 836 5000 carmen
884 4981 918 5015 ,.
953 4925 1133 5017 quod
1188 4925 1256 4991 in
1308 4947 1465 4994 eum
1518 4923 1891 5012 scripsisset,
1938 4925 2006 4990 in
2059 4947 2191 5012 quo
2243 4922 2460 4989 multa
2509 4922 2788 4990 ornandi
2857 4925 3052 4986 causa
3106 4933 3256 5001 poe·

254 5053 501 5106 tarum
545 5053 733 5104 more
784 5034 855 5101 in
908 5029 1239 5096 Castorem
1293 5025 1527 5117 scripta
1598 5027 1678 5095 &t
1726 5025 2074 5097 Pollucem
2124 5025 2384 5186 figiffgnt
2423 5073 2444 5106 ,
2513 5021 2712 5088 nimis
2761 5016 2956 5086 illum
3015 5011 3274 5184 sgr-dide·

2398 5146 2448 5188 Ξ.
3097 5141 3144 5182 1·
