4359 6321
674 474 1286 567 LIBER
1409 476 2515 575 SECUNDUS.
2854 488 3039 611 185

276 596 460 665 XLI.
516 592 608 657 Ut
659 595 840 663 enim
892 594 940 661 fi
993 616 1236 661 aurum
1287 594 1442 679 cui,
1488 593 1668 683 quod
1719 592 1872 661 effer
1923 598 2365 669 multifariam
2414 602 2771 691 defoffutn‚
2820 627 3169 681 common-

177 688 376 762 strare
431 693 678 760 vellem
713 746 735 777 ‚
808 692 956 761 satis
1003 696 1126 763 effe
1179 697 1448 763 deberet
1483 746 1504 780 ‚
1575 696 1622 761 fi
1678 696 1860 783 figna
1935 700 2006 767 &
2061 717 2255 769 notas
2304 705 2713 774 ostenderem
2782 705 3091 777 locorum

175 793 406 885 quibus
454 795 742 881 cognitis
795 794 922 861 illis
979 793 1094 861 fibi
1145 795 1278 883 ipse
1329 794 1578 863 foderet
1617 846 1646 881 ‚
1697 798 1770 863 δι
1829 794 1894 861 id
1934 847 1955 882 ,
2005 802 2182 889 qnod
2234 805 2432 873 vellet
2472 858 2493 893 ,
2542 807 2827 897 parvulo
2878 806 3103 875 labore
3150 861 3183 897 ,

175 894 368 961 nullo
415 914 636 959 errore
689 893 1056 961 inveniret:
1111 896 1200 963 fic
1249 897 1368 963 bas
1417 915 1546 985 ego
1598 912 2154 983 argumentorum
2208 908 2367 970 novi
2400 924 2628 993 notas,
2682 932 2825 1001 quae
2874 908 2992 977 illa
3042 912 3171 981 mi·

173 994 238 1062 hi
289 995 614 1083 quaerenti
667 992 1164 1082 demonstrant,
1215 995 1324 1061 ubi
1377 995 1540 1082 fint3
1594 998 1846 1085 reliqua
1893 1020 2050 1067 cura
2105 1005 2178 1069 δε
2238 1008 2643 1093 cogitatione
2688 1028 3071 1081 eruuntur.

277 1094 486 1178 Quod
540 1108 766 1161 autem
817 1112 1374 1183 argumentorum
1423 1118 1640 1185 genus
1690 1100 1927 1187 cuique
1975 1100 2330 1169 causarum
2372 1110 2601 1192 generi
2654 1112 2955 1179 maxime
3006 1132 3169 1179 con-

169 1197 400 1263 veniat
444 1247 464 1280 ‚
517 1214 650 1261 non
702 1196 793 1261 est
845 1198 1008 1265 artis
1053 1198 1392 1285 exquifitae
1443 1196 1842 1285 perscribere
1887 1252 1908 1283 ‚
1985 1200 2090 1269 sed
2143 1202 2233 1270 est
2284 1208 2641 1273 mediocris
2692 1210 2943 1295 ingenii
3002 1211 3185 1285 iudi-2

173 1316 362 1364 care.
420 1299 655 1385 Neque
709 1299 892 1363 enim
945 1319 1124 1365 nunc
1181 1300 1248 1363 id
1303 1300 1610 1387 agintina,
1661 1318 1736 1366 ut
1790 1318 2004 1365 artem
2061 1302 2357 1390 aliquam
2406 1306 2665 1373 dicendi
2719 1308 3177 1396 explicemus,

174 1394 280 1463 sed
337 1386 412 1461 ut
462 1394 837 1465 dottiffimis
887 1396 1276 1467 hominibus
1350 1402 1507 1467 usus
1561 1398 1756 1465 nostri
1833 1401 2016 1488 quali
2066 1404 2370 1493 quaedam
2444 1408 2697 1475 monita
2752 1396 3165 1477 tradamus⁶.

173 1500 298 1565 His
355 1499 556 1587 igitur
611 1499 778 1567 locis
829 1501 898 1565 in
951 1518 1172 1567 mente
1227 1504 1300 1571 δε
1358 1502 1758 1591 cogitatione
1812 1501 2050 1571 defixis
2087 1558 2112 1589 ‚
2184 1510 2255 1575 &
2314 1508 2383 1573 in
2434 1510 2621 1575 omni
2676 1530 2747 1575 re
2820 1510 2901 1575 ad
2954 1507 3178 1576 dicen-

173 1593 340 1665 dum
391 1599 594 1685 posita
643 1602 946 1669 excitatis
983 1654 1006 1686 ‚
1055 1602 1224 1670 nihil
1273 1605 1401 1669 erit
1438 1656 1460 1689 ,
1509 1600 1684 1693 quod
1737 1620 2072 1671 oratorem
2121 1605 2423 1695 effugere
2470 1607 2714 1695 possit,
2766 1632 2903 1676 non
2956 1608 3173 1679 modo

177 1700 248 1765 in
307 1700 670 1767 forenfibus
721 1698 1292 1789 disceptationibus
1332 1756 1352 1789 ‚
1419 1704 1528 1771 sed
1579 1709 1860 1774 omnino
1907 1706 1976 1772 in
2028 1706 2174 1773 ullo
2224 1728 2465 1797 genere
2514 1707 2833 1777 dicendi.
2884 1709 2955 1777 si
3008 1730 3173 1779 vero

177 1800 592 1889 assequetur,
641 1819 716 1867 ut
769 1804 922 1869 talis
981 1804 1326 1888 videatur,
1377 1805 1644 1894 qualem
1699 1807 1762 1873 se
1819 1808 2020 1875 videri
2079 1807 2237 1875 velit
2280 1862 2300 1895 ,
2361 1814 2432 1880 ὅτ.
2488 1810 2749 1878 animos
2798 1830 3031 1879 eorum
3082 1812 3175 1879 ita

179 1898 472 1983 afficiet,
521 1904 694 1984 apud
745 1925 910 1990 quos
962 1923 1154 1991 aget,
1202 1922 1276 1971 ut
1325 1927 1484 1989 eos,
1533 1930 1954 1999 quocumque
2007 1909 2166 1975 velit
2206 1962 2229 1993 ,
2286 1912 2393 1979 vel
2446 1911 2707 1981 trahere
2748 1963 2769 1997 ,
2824 1912 2934 1981 vel
2986 1928 3175 1999 rape-

184 2018 262 2064 re
317 1998 540 2085 poffit3
588 2000 761 2065 nihil
817 2002 1112 2087 profe&o
1161 2021 1471 2090 praeterea
1525 2006 1608 2073 ad
1659 2010 2012 2077 dicendum
2060 2013 2384 2097 requiret.

199 2172 206 2177 ,
280 2098 439 2175 Jam
491 2098 661 2165 illud
719 2101 1014 2169 videmus
1055 2156 1077 2189 ,
1151 2124 1570 2191 nequaquam
1626 2105 1780 2173 satis
1825 2108 1954 2175 effe
1993 2161 2014 2192 ‚
2083 2112 2363 2194 reperire
2416 2112 2577 2197 quid
2624 2112 2803 2179 dicas
2848 2164 2869 2196 ,
2934 2108 3059 2179 nifi
3106 2110 3179 2175 id

176 2198 534 2267 inventum
589 2201 874 2271 uastare
925 2202 1108 2289 poffis
1148 2252 1165 2271 .
1245 2204 1585 2273 Trastatio
1642 2222 1864 2273 autem
1920 2209 2102 2274 varia
2152 2206 2273 2275 effe
2326 2207 2513 2276 debet
2550 2261 2572 2295 ‚
2625 2231 2709 2277 ne
2762 2228 2875 2279 aut
2926 2230 3173 2299 cogno-

177 2298 320 2367 scat
375 2316 589 2367 artem
641 2304 750 2391 qui
803 2304 1027 2369 audiat
1068 2332 1090 2391 3
1141 2324 1254 2373 aut
1306 2305 1701 2393 defatigetur
1755 2306 2199 2381 similitudinis
2248 2306 2544 2378 satietate
2585 2357 2604 2377 .
2661 2312 2936 2399 Proponi
2978 2331 3181 2399 -opor-

178 2416 276 2468 tet
317 2453 339 2486 ‚
389 2402 544 2491 quid
597 2402 887 2471 afferas:
958 2409 1036 2476 δι·
1088 2407 1152 2473 id
1201 2426 1408 2497 quare
1459 2408 1548 2473 ita
1599 2410 1678 2475 fit
1719 2462 1740 2496 ,
1807 2408 2146 2475 ostendere
2188 2432 2205 2473 ε
2281 2412 2353 2479 δι
2406 2432 2493 2479 ex
2545 2408 2769 2477 iisdem
2819 2412 2953 2479 illis
3009 2410 3179 2479 locis

177 2503 520 2573 interdum
570 2506 972 2577 concludere
1007 2532 1038 2572 ,ε
1093 2508 1466 2597 relinquere
1519 2508 1722 2595 alias,
1768 2508 2029 2597 alioque
2082 2507 2397 2575 tranfire:
2455 2510 2612 2597 saepe
2662 2533 2797 2579 non
2850 2530 3171 2599 propone-

179 2625 252 2671 re
292 2657 315 2690 ,
365 2625 442 2673 ac
497 2604 746 2673 ratione
798 2607 930 2695 ipsa
981 2608 1314 2677 afferenda
1357 2664 1376 2695 ,
1429 2609 1586 2698 quid
1641 2611 2138 2699 proponendum
2194 2610 2393 2678 fuerit
2436 2664 2467 2695 ,
2516 2612 2857 2679 declarare
2899 2636 2915 2677 :
2972 2611 3016 2677 fi
3066 2606 3185 2679 cui

177 2706 343 2797 quid
395 2706 606 2774 simile
656 2708 831 2777 dicas
871 2762 891 2795 ‚
963 2712 1142 2797 prius
1193 2728 1267 2779 ut
1319 2711 1529 2779 fimile
1579 2714 1936 2781 confirmes
1975 2734 1998 2772 -·
2039 2710 2312 2779 'deinde
2362 2708 2545 2801 quod
2598 2712 2817 2799 agitur
2862 2762 2887 2799 ,
2952 2710 3181 2789 adiun-

175 2828 310 2897 gas
350 2832 366 2873 :
426 2804 684 2897 ,punita
733 2829 1298 2899 argumentorum
1349 2812 1746 2903 plerumque
1796 2830 1872 2883 ut
1921 2814 2195 2881 occulas
2242 2860 2265 2897 ‚
2338 2834 2422 2881 ne
2472 2812 2622 2901 quis
2689 2831 2765 2878 ea
2818 2814 3172 2881 numerare

173 2910 409 2997 poffit,
456 2924 532 2979 ut
583 2930 656 2977 re
703 2909 1246 3002 distinguantur,
1297 2911 1508 2981 verbis
1554 2914 1836 2983 confusa
1886 2912 2009 2981 effe
2063 2912 2461 2980 videantur.

287 3014 506 3077 XLII.
564 3014 723 3079 Haec
781 3029 858 3081 ut
913 3016 984 3083 &
1044 3035 1402 3103 properans
1439 3068 1460 3101 ‚
1531 3018 1600 3085 δι
1663 3018 1840 3106 apud
1891 3013 2122 3083 doetos
2161 3066 2185 3100 ‚
2271 3015 2342 3084 δι
2400 3010 2801 3085 Γεωίἀοξὲιις
2850 3012 2985 3103 ipse
3038 3034 3181 3103 per-

175 3132 386 3184 curro
427 3163 448 3194 ,
496 3126 570 3178 ut
623 3112 976 3200 aliquando
1031 3116 1114 3182 ad
1159 3116 1284 3186 illa
1339 3117 1588 3196 majora
1643 3120 1993 3192 veniamus
2029 3165 2049 3183 .
2101 3114 2291 3182 Nihil
2340 3113 2431 3182 est
2480 3117 2663 3183 enim
2713 3117 2783 3184 in
2840 3116 3124 3185 dicendo
3160 3166 3183 3202 ,

174 3211 470 3293 Catule,
517 3212 782 3294 majus,
829 3233 1036 3300 quarn
1085 3228 1160 3282 ut
1215 3215 1434 3282 faveat
1483 3221 1734 3286 oratori
1789 3221 1845 3285 is
1883 3271 1902 3300 ,
1955 3217 2072 3303 qui
2125 3216 2351 3284 audiet
2386 3268 2411 3299 ‚
2458 3233 2663 3304 utque
2720 3215 2857 3301 ipst
2906 3219 2991 3284 fic
3044 3237 3187 3282 mo-

177 3324 426 3378 veatur
453 3359 484 3391 ,
560 3322 633 3374 ut
681 3309 930 3398 impetu
985 3313 1282 3400 quodam
1333 3315 1600 3401 animi,
1671 3319 1742 3384 ὃ(
1797 3311 2287 3401 perturbatione
2340 3316 2555 3400 magis
2586 3365 2617 3398 ,
2686 3333 2891 3398 quarn
2946 3315 3191 3390 iudicio

183 3426 308 3474 aut
363 3406 636 3477 consilio
671 3459 694 3494 ,
745 3426 1015 3498 regatur
1055 3459 1072 3476 .
1129 3410 1334 3482 Plura
1383 3416 1570 3480 enim
1623 3416 1842 3480 multo
1889 3413 2191 3479 homines
2242 3410 2535 3488 iudicant
2584 3410 2733 3475 odio
2768 3462 2791 3496 ,
2843 3425 2955 3477 aut
2980 3428 3189 3502 ‘amo-

175 3530 300 3596 re,
355 3527 470 3576 aut
520 3508 879 3598 cupiditate
911 3562 933 3596 ‚
981 3527 1095 3577 aut
1149 3512 1530 3597 iracundia,
1577 3531 1692 3580 aut
1742 3510 2007 3596 dolore,
2059 3527 2175 3578 aut
2228 3509 2451 3576 laetitia
2489 3560 2514 3595 ,
2565 3525 2679 3578 aut
2734 3507 2841 3598 spe
2876 3561 2899 3594 ,
2950 3527 3059 3577 aut
3112 3511 3193 3579 ti-

173 3630 378 3680 more
419 3659 440 3696 ,
499 3629 614 3676 aut
665 3631 930 3697 errore,
985 3627 1100 3678 aut
1151 3612 1370 3702 aliqua
1423 3614 1831 3701 permotione
1881 3612 2169 3694 mentis,
2226 3630 2431 3699 quam
2482 3611 2753 3678 veritate
2792 3662 2813 3691 ‚
2866 3625 2979 3680 aut
3028 3633 3189 3697 prae-

177 3711 486 3800 scripto,
541 3728 656 3782 aut
711 3711 876 3790 iuris
929 3733 1173 3778 norma
1229 3713 1497 3801 aliqua,
1545 3733 1664 3781 aut
1718 3713 1943 3792 judicii
1995 3710 2283 3779 formula
2328 3763 2353 3798 ,
2398 3726 2517 3778 aut
2569 3710 2869 3799 legibus.
2916 3715 3185 3799 Quare,

181 3811 318 3882 nist
373 3809 534 3901 quid
590 3808 770 3878 vobis
815 3811 998 3878 aliud
1052 3813 1313 3900 placet,
1363 3813 1448 3880 ad
1502 3814 1616 3882 illa
1667 3833 2072 3902 pergamus.

297 3913 588 3982 Paulum
622 3965 650 3998 ,
715 3913 934 4004 inquit
981 3913 1257 3980 Catulus
1297 3964 1320 3996 ‚
1365 3913 1574 3981 etiam
1623 3935 1802 3981 nunc
1853 3911 2052 3980 deeffe
2107 3909 2364 3981 videtur
2418 3910 2499 3978 iis
2556 3909 2745 3983 rebus
2798 3963 2822 3997 ,
2874 3911 3127 3980 Antoni
3166 3962 3197 4000 ,

179 4037 360 4108 quas
415 4011 765 4104 exposuisti
814 4067 835 4100 ,
902 4012 1078 4102 quod
1129 4013 1204 4080 fit
1259 4009 1372 4078 tibi
1423 4029 1573 4082 ante
1622 4015 2099 4102 explicandum
2137 4065 2160 4098 ,
2230 4033 2434 4102 quam
2487 4010 2650 4078 illuc
2698 4011 3119 4102 proficiscare
3167 4063 3192 4099 ‚

179 4137 336 4209 quo
393 4132 462 4182 te
509 4112 673 4182 dicis
723 4111 1110 4182 intendere.
1162 4113 1544 4202 Quidnam,
1593 4114 1856 4204 inquit?
1917 4115 2054 4214 Qui
2110 4111 2272 4180 ordo
2322 4113 2435 4179 tibi
2496 4113 2753 4202 placet,
2800 4112 3014 4204 inquit
3062 4115 3193 4182 Ca-

181 4219 424 4298 tulus,
479 4215 548 4284 &
605 4236 749 4305 quae
801 4212 1130 4302 dispofitio
1181 4231 1730 4302 argumentorum
1771 4267 1795 4302 ‚
1843 4217 1915 4284 in
1967 4235 2098 4305 qua
2145 4229 2223 4281 tu
2272 4214 2439 4281 mihi
2492 4211 2745 4302 semper
2794 4214 2961 4284 deus
3010 4211 3191 4282 vide-

178 4321 244 4393 ri
301 4315 514 4385 soles.

289 4417 734 4508 Videquam
787 4417 906 4486 sim
955 4421 1025 4488 in
1080 4412 1198 4490 isto
1249 4441 1487 4510 genere
1527 4475 1548 4510 ,
1618 4419 1833 4512 inquit
1871 4420 2185 4509 ‚Catule
2226 4471 2247 4506 ‚
2316 4413 2483 4489 deus
2520 4467 2537 4484 .
2608 4415 2761 4489 Non
2812 4407 3191 4489 mehercule

175 4521 358 4592 mihi
409 4571 430 4606 ,
481 4520 597 4587 nisi
650 4519 1030 4608 admonito,
1079 4521 1342 4589 veniffet
1395 4524 1464 4590 in
1522 4541 1879 4591 mentem:
1933 4539 2008 4590 nt
2057 4521 2245 4612 possis
2294 4519 2674 4591 existimare
2725 4573 2747 4608 ,
2800 4535 2907 4588 me
2956 4523 3026 4588 in
3074 4539 3193 4604 ea,

177 4627 252 4694 in
307 4617 560 4715 quibus
613 4643 1098 4714 nonnunquam
1151 4621 1403 4720 aliquid
1453 4623 1714 4693 efficere
1765 4623 2002 4693 videor
2037 4677 2060 4710 ,
2116 4620 2237 4692 usu
2294 4622 2499 4691 solere
2552 4623 2619 4689 in
2669 4623 2951 4691 dicendo
2992 4671 3013 4710 ,
3082 4619 3191 4687 vel

181 4725 340 4794 casu
409 4725 624 4812 potius
674 4725 1009 4792 incurrere·
1043 4775 1059 4792 .
1111 4727 1216 4792 Ac
1267 4745 1372 4792 res
1422 4725 1688 4816 quidem
1737 4724 1855 4792 ista
1895 4776 1914 4812 ‚
1992 4745 2199 4818 quam
2250 4745 2377 4818 ego
2419 4777 2439 4810 ‚
2491 4725 2644 4815 quia
2702 4747 2838 4791 non
2894 4737 3129 4790 noram
3171 4770 3194 4803 ‚

183 4825 273 4895 fic
327 4844 672 4914 tauquam
725 4825 1035 4914 ignotum
1082 4827 1428 4894 hominem
1479 4827 1882 4916 praeteribant
1926 4880 1949 4915 ,
2017 4843 2281 4899 tantum
2328 4824 2533 4918 potest
2578 4826 2647 4894 in
2702 4822 2987 4892 dicendo
3025 4873 3045 4906 ‚
3116 4835 3195 4886 ut

185 4927 270 4995 ad
327 4924 756 4996 vincendum
803 4927 998 4994 nulla
1050 4930 1200 5016 plus
1253 4927 1475 5017 poffit.
1533 4928 1658 4996 Sed
1709 4945 1932 4997 tamen
1987 4929 2152 4998 mihi
2215 4929 2457 4996 videris
2508 4941 2661 4996 ante
2698 4940 2960 5012 tempus
3007 4938 3045 4984 a
3082 4939 3193 4986 me

187 5031 528 5099 rationem
587 5027 841 5102 ordinis
877 5080 902 5118 ,
954 5029 1024 5099 δι
1079 5029 1626 5120 disponendarum
1679 5049 1907 5104 rerum
1963 5027 2287 5194 requisiti}
2338 5073 2357 5097 .
2408 5027 2588 5120 Nam
2642 5023 2869 5123 {rego
2919 5039 3195 5138 ornnem

409 5130 666 5202 Tom.1.
885 5145 890 5152 ·
2218 5133 2233 5142 '
2310 5143 2349 5194 a
2954 5139 3095 5194 vnn
