4359 6321
1329 534 1505 619 154
2005 494 2241 585 DE
2364 486 3305 581 ORATORE

1194 644 1450 697 tentans
1501 620 1579 687 ad
1632 616 2101 709 disputandum
2151 616 2387 681 elicere
2440 631 2573 676 non
2626 611 2965 697 potuiss'em
3005 661 3028 696 ‚
3083 608 3412 699 permulta
3463 608 3553 681 do
3595 610 3973 703 eloquentia
4026 636 4185 686 cum

1195 724 1495 797 Antonio
1545 722 1887 790 disseruisse
1927 774 1945 805 ,
2015 722 2084 788 &
2141 730 2461 802 tanquam
2514 710 2581 777 in
2624 709 2857 778 schola
2908 732 3109 799 prope
3178 714 3263 779 ad
3316 716 3707 781 Graecorum
3760 720 4183 787 consuetudi-

1194 849 1352 896 nem
1402 824 1776 913 disputasse..
1834 826 1946 887 Ita'
1991 821 2190 886 frater
2247 814 2542 881 exoravit
2596 813 2919 900 meipsum
2974 865 2993 899 ,
3048 836 3179 879 non
3232 816 3503 903 quidem
3558 837 3594 883 a
3650 816 3855 884 studio
3908 819 4183 889 audien-

1192 930 1255 993 di
1308 928 1506 994 nimis
1556 924 2012 992 abhorrentem
2069 975 2087 1006 ,
2160 917 2266 982 sed
2320 915 2699 981 mehercule
2756 932 3096 981 verentem
3154 934 3373 981 tamen
3428 972 3447 1001 ,
3519 940 3601 983 ne
3672 920 3925 986 molesti
4002 920 4181 989 vobis

1193 1027 1745 1096 interveniremus
1790 1076 1810 1107 ,
1860 1040 1934 1089 ut
1985 1024 2116 1089 huc
2169 1018 2393 1086 secum
2448 1018 2747 1083 venirem
2800 1064 2817 1081 .
2870 1016 3231 1083 Scaevolam
3287 1021 3464 1083 enim
3520 1020 3604 1083 ita
3658 1020 3877 1087 dicere
3931 1020 4177 1109 ajebat,

1191 1128 1428 1197 bonam
1480 1144 1730 1217 partem
1788 1123 2106 1189 sermonis
2155 1122 2225 1186 in
2282 1120 2461 1185 hunc
2514 1115 2693 1184 diem
2740 1117 2861 1183 effe
2914 1117 3231 1185 dilatam.
3273 1122 3440 1187 -Hoc
3501 1119 3547 1185 fi
3603 1138 3673 1186 tu
3732 1122 4039 1209 cupidius
4087 1124 4175 1191 fa-

1189 1230 1373 1300 &um
1429 1230 1802 1311 existimaS,
1851 1226 2085 1291 Caesari
2140 1222 2489 1287 attribues:
2546 1218 2592 1285 fi
2646 1218 3082 1304 familiariuS,
3136 1222 3399 1311 utrique
3450 1222 3787 1292 nostrum.
3838 1228 3979 1293 Nos
4036 1224 4175 1316 qui·

1188 1328 1385 1417 dem,
1437 1328 1558 1397 nis1
1617 1329 1784 1393 forte
1836 1324 2086 1394 molesti
2145 1323 2661 1406 intervenimus,
2716 1322 2951 1387 venifl'e
3004 1324 3323 1390 deleStat.

1287 1434 1406 1498 lV.
1461 1434 1647 1496 Tum
1697 1427 2018 1511 Crassus,
2074 1425 2437 1512 Equidem,
2491 1440 2919 1514 quaecumque
2972 1425 3167 1491 causa
3224 1449 3336 1493 vos
3389 1427 3520 1495 huc
3578 1428 3941 1512 attulisset,
3996 1428 4173 1497 laeta-

1186 1552 1336 1615 rer,
1387 1552 1544 1597 cum
1602 1528 1770 1617 apud
1826 1548 1934 1595 me
1986 1524 2279 1593 viderem
2331 1528 2634 1593 homines
2688 1527 2849 1591 mihi
2918 1528 3273 1593 carissimos
3367 1532 3435 1597 &
3514 1531 3987 1597 amicissimos:
4062 1529 4173 1595 sed

1187 1650 1410 1698 tamen
1461 1652 1614 1699 vere
1661 1632 1947 1717 dicam3
2019 1632 2265 1718 quaevis
2320 1630 2593 1695 mallem
2648 1628 2930 1713 fuisset·,
2984 1650 3189 1718 quam
3244 1630 3357 1695 ista
3400 1684 3417 1716 ,
3466 1653 3669 1720 quam
3727 1630 3891 1698 dicis
3939 1680 3955 1698 .
4031 1635 4171 1721 Ego

1186 1734 1411 1817 enim,
1461 1750 1630 1823 (ut,
1681 1732 2253 1824 quemadmodum
2311 1731 2515 1798 sentio
2553 1784 2573 1815 ,
2625 1730 2949 1819 loquar,)
3006 1754 3350 1820 nunquam
3408 1735 3575 1798 mihi
3630 1736 3851 1799 minus
3892 1785 3910 1815 ,
3963 1754 4175 1821 quarn

1188 1834 1487 1900 hesterno
1540 1838 1645 1901 die
1687 1889 1705 1920 ,
1756 1836 2034 1923 placui:
2087 1834 2301 1920 magis
2353 1834 2521 1899 adeo
2572 1830 2639 1897 id
2698 1832 3012 1899 facilitate
3062 1886 3082 1917 ,
3134 1854 3339 1920 quam
3395 1834 3521 1899 alia
3572 1834 3711 1899 ulla
3764 1834 3963 1919 culpa
4020 1854 4179 1901 mea

1187 1936 1460 2026 contigit
1501 1962 1524 2020 ,-
1596 1937 1712 2025 qui
1755 1989 1773 2020 ,
1823 1936 1988 2003 dum
2039 1935 2350 2022 obsequor
2402 1930 2920 1999 adolescentibus
2958 1986 2979 2017 ,
3032 1954 3141 1998 me
3199 1934 3413 1999 senem
3464 1934 3603 1999 esse
3662 1934 3807 1999 sinn
3862 1933 4105 1997 oblitus
4150 1956 4173 1999 ε

1187 2034 1442 2121 fecique
1493 2036 1604 2119 id,
1654 2038 1828 2123 quod
1882 2060 1964 2101 ne
2018 2035 2393 2100 adolescens
2442 2035 2706 2121 quidem
2764 2034 3053 2099 feceram
3106 2086 3126 2117 ,
3176 2051 3247 2098 ut
3310 2035 3386 2099 iis
3440 2034 3520 2100 de
3572 2035 3811 2119 rebuS,
3863 2056 4003 2123 qua:
4054 2032 4171 2099 do-

1185 2133 1400 2201 {trina
1453 2138 1676 2223 aliqua
1727 2139 2225 2203 continerentur
2265 2186 2285 2219 ,
2354 2132 2749 2219 disputarem
2792 2182 2841 2229 ·,
2878 2134 3000 2199 Sed
3052 2134 3180 2201 hoc
3238 2154 3457 2203 tamen
3515 2137 3747 2202 cecidit
3804 2136 3967 2200 mihi
4021 2154 4159 2220 per-

1185 2254 1548 2325 opportune
1588 2287 1607 2322 ,
1657 2236 1834 2326 quod
1877 2291 1897 2326 ,
1947 2234 2293 2305 transactis
2346 2235 2478 2312 jam
2531 2236 2691 2303 meis
2746 2233 3037 2321 partibus
3078 2288 3099 2322 ,
3170 2240 3253 2303 ad
3310 2238 3684 2305 Antonium
3756 2236 4167 2305 audiendum

1185 2340 1368 2403 ven'l
1399 2342 1411 2354 ‘

1283 2340 1735 2505 'stilti’'Caesar
1777 2491 1798 2522 ,
1850 2438 2175 2526 Equidem
2231 2489 2250 2520 ,
2302 2434 2514 2521 inquit
2552 2482 2573 2515 ,
2627 2432 2898 2517 Crasse,
2952 2437 3039 2502 ita
3092 2438 3238 2505 sum
3288 2438 3564 2523 cupidus
3614 2457 3675 2505 te
3728 2442 3791 2505 in
3849 2438 3966 2503 illa
4020 2436 4165 2503 lon-

1182 2538 1365 2623 giore
1417 2559 1493 2603 ac
1544 2555 1854 2625 perpetua
1903 2536 2341 2622 disputatione
2394 2532 2755 2617 audiendi,
2822 2552 2897 2599 ut
2940 2588 2959 2619 ,
3011 2538 3056 2604 fi
3118 2540 3186 2607 id
3242 2542 3409 2607 mihi
3469 2543 3692 2607 minus
3745 2544 4090 2625 contingat
4132 2591 4157 2623 ‚

1179 2634 1286 2701 vel
1339 2638 1462 2702 hoc
1515 2637 1636 2703 fim
1691 2634 2067 2724 quotidiano
2141 2654 2258 2700 tuo
2331 2633 2631 2699 sermone
2702 2655 3053 2709 contentus
3098 2688 3113 2705 .
3193 2645 3421 2731 Itaque
3488 2644 3784 2729 experiar
3856 2640 4163 2729 equidem

1179 2734 1348 2803 illud
1393 2791 1411 2823 ,
1461 2752 1534 2803 ut
1586 2758 1668 2801 ne
1722 2736 2050 2822 Sulpicius
2089 2788 2108 2820 ,
2161 2734 2505 2801 familiaris
2562 2756 2751 2801 meus
2791 2788 2811 2817 ,
2864 2756 2979 2805 aut
3030 2746 3225 2805 Cotta
3279 2795 3297 2825 ,
3354 2746 3500 2828 plus
3556 2764 3757 2831 quam
3807 2764 3933 2830 ego
3988 2738 4166 2827 apud

1179 2851 1244 2903 te
1299 2839 1518 2905 valere
1573 2836 1919 2903 videantur
1958 2890 1977 2922 ,
2047 2840 2116 2904 &
2173 2853 2239 2900 te
2292 2834 2578 2901 exorabo
2632 2836 2927 2923 profesto
2967 2889 2987 2920 ,
3056 2854 3127 2902 ut
3200 2843 3359 2905 mihi
3436 2864 3698 2929 quoque
3778 2846 3845 2907 &
3907 2842 4167 2911 Catulo

1175 2952 1304 3004 tuae
1360 2938 1696 3005 suavitatis
1748 2936 1994 3023 aliquid
2046 2936 2414 3025 impertiaS.
2468 2935 2579 3001 Sin
2636 2934 2747 3000 tibi
2800 2935 2867 3000 id
2924 2940 3145 3003 minus
3196 2940 3415 3005 licebit
3458 2992 3476 3022 ,
3528 2963 3665 3005 non
3720 2958 3784 3003 te
3839 2940 4097 3027 urgebo
4146 2992 4171 3028 ,

1069 3050 1078 3059 '
1179 3058 1390 3125 neque
1443 3040 1904 3123 ccmmittam,
1955 3056 2075 3122 ut,
2123 3038 2285 3104 dum
2338 3056 2608 3102 vereare
2662 3058 2745 3104 ne
2800 3052 2869 3103 tu
2928 3037 3003 3103 fis
3058 3039 3362 3127 ineptuS,
3415 3061 3519 3105 me
3567 3039 3706 3107 esse
3762 3036 4051 3114 iudices.

1281 3141 1467 3206 Tum
1525 3140 1636 3207 ille
1680 3194 1699 3227 ,
1749 3144 1894 3230 Ego
1947 3138 2327 3208 mehercule
2369 3191 2390 3222 ,
2444 3139 2713 3226 inquit,
2784 3136 2993 3207 Caesar
3030 3191 3051 3226 ,
3118 3164 3199 3206 ex
3258 3139 3567 3211 omnibus
3622 3140 3875 3208 Latinis
3938 3141 4175 3210 verbis·

1173 3239 1375 3319 hujus
1447 3242 1628 3308 verbi
1681 3245 1816 3308 va
1889 3242 1993 3308 vel
2059 3243 2425 3308 maximam
2482 3239 2730 3327 semper
2782 3243 3062 3327 putavi.
3132 3247 3353 3324 Quem
3424 3247 3602 3308 enim
3678 3263 3794 3306 nos
3848 3243 4163 3329 ineptum

1173 3363 1553 3428 vocamuS,
1625 3345 1680 3409 is
1749 3345 1912 3411 mihi
1965 3345 2228 3409 videtur
2301 3339 2379 3407 ab
2446 3342 2571 3409 hoc
2628 3363 2873 3408 nomen
2926 3340 3158 3409 habere
3208 3345 3488 3412 duetum
3530 3397 3552 3430 ,
3619 3341 3791 3430 quod
3868 3365 3994 3409 non
4074 3341 4163 3410 fit

1171 3461 1418 3532 aptus;
1471 3441 1664 3534 idque
1715 3447 1780 3514 in
1838 3445 2150 3512 sermonis
2208 3443 2400 3510 nostri
2453 3441 2918 3510 consuetudine
2968 3445 3216 3531 perlate
3267 3461 3445 3534 patet
3499 3493 3513 3510 .
3570 3447 3749 3510 Nam
3800 3446 3911 3532 qui
3964 3459 4093 3512 aut·
4137 3498 4161 3531 ,

1167 3563 1435 3632 tempus
1485 3550 1641 3636 quid
1697 3547 2006 3633 postulet,
2058 3567 2189 3612 non
2244 3544 2477 3631 videt3
2528 3561 2640 3611 aut
2691 3546 2879 3632 plura
2932 3546 3293 3636 loquitur3
3351 3564 3462 3613 aut
3520 3545 3581 3612 se
3636 3546 3969 3630 ostentat;
4032 3564 4159 3612 aut

1166 3663 1392 3709 eorum
1438 3695 1458 3730 ,
1495 3645 1895 3734 ‘quibuscum
1947 3649 2041 3715 est
2077 3701 2098 3731 ,
2149 3645 2253 3712 vel
2307 3646 2651 3736 dignitatis
2690 3699 2710 3731 ,
2784 3646 2891 3714 vel
2943 3649 3271 3714 commodi
3328 3651 3653 3715 rationem
3708 3667 3836 3711 non
3888 3644 4083 3710 habet
4128 3675 4157 3733 3

1166 3760 1280 3809 aut
1334 3745 1612 3834 denique
1666 3749 1732 3812 in
1791 3747 2016 3838 aliquo
2069 3767 2354 3836 genere,
2408 3766 2541 3814 aut·
2581 3750 3061 3833 i-nconcinnuS,
3116 3768 3231 3818 aut
3286 3753 3543 3818 multus
3598 3748 3727 3834 est;
3780 3748 3833 3812 is
3884 3755 4151 3830 ineptus

1162 3841 1300 3912 esse
1351 3847 1626 3914 dicitur.
1685 3851 1832 3914 Hoc
1889 3850 2051 3915 vitio
2099 3850 2443 3916 cumulata
2493 3847 2585 3916 est
2638 3849 3077 3918 eruditissima
3130 3849 3246 3916 illa
3291 3855 3679 3918 Graecorum
3734 3849 3951 3917 natio.
4010 3851 4149 3912 Ita-

1161 3966 1293 4032 que
1343 3947 1520 4036 quod
1579 3951 1717 4015 vim
1766 3951 1964 4028 hujus
2017 3950 2178 4016 mali
2238 3951 2451 4017 Graeci
2506 3971 2639 4016 non
2694 3951 2977 4034 vident,
3049 3973 3133 4017 ne
3201 3972 3445 4018 nomen
3522 3949 3792 4038 quidem
3866 3950 3925 4016 ei
3982 3950 4151 4016 vitio

1159 4045 1664 4136 imposuerunt:
1740 4067 1808 4118 ut
1859 4052 2034 4116 enim
2087 4071 2337 4142 quaeras
2392 4051 2613 4119 omnia
2656 4103 2676 4136 ‚
2746 4051 3085 4141 quomodo
3136 4053 3344 4122 Graeci
3398 4058 3681 4136 ineptum
3733 4051 4070 4134 appellent
4128 4101 4153 4134 ,

1158 4167 1292 4215 non
1349 4152 1624 4238 reperies
1665 4197 1682 4218 .
1753 4155 2079 4219 Omnium
2130 4167 2353 4219 autem
2406 4155 2799 4240 ineptiarum
2840 4208 2858 4239 ,
2910 4177 3051 4242 quae
3108 4151 3255 4218 sunt
3308 4145 3825 4216 innumerabiles
3864 4199 3885 4229 ,
3954 4150 4151 4222 haud

1160 4246 1351 4346 scio,
1405 4241 1506 4318 an'
1545 4253 1684 4318 ulla
1742 4253 1812 4319 lit
1867 4256 2112 4340 major,
2161 4275 2406 4344 quam,
2460 4271 2531 4320 ut
2589 4255 2683 4321 illi
2740 4255 2951 4322 solent
2997 4307 3015 4339 ,
3070 4269 3491 4344 quocumque
3540 4249 3607 4313 in
3662 4243 3807 4311 loco
3852 4297 3871 4332 ‚
3942 4251 4157 4336 quos·

1157 4371 1443 4439 cumque
1497 4353 1669 4420 inter
1725 4355 2028 4424 homines
2077 4355 2299 4424 visum
2349 4355 2494 4440 est,
2566 4357 2647 4422 de
2701 4357 2897 4424 rebus
2950 4371 3061 4422 aut
3114 4352 3529 4426 difficillimis
3570 4405 3591 4436 ,
3662 4363 3775 4413 aut
3830 4369 3963 4416 non
4024 4373 4155 4418 ne-

1152 4449 1454 4518 cessariis
1507 4457 1918 4542 argutissime
1973 4457 2301 4547 disputare
2342 4508 2356 4524 .
2429 4463 2576 4524 Hoc
2628 4481 2747 4526 nos
2794 4457 2876 4526 ab
2928 4458 3056 4524 istis
3113 4452 3627 4522 adolescentibus
3684 4452 3898 4520 facere
3939 4505 3961 4539 ,
4036 4455 4177 4520 in·-

1158 4549 1274 4614 viti
1331 4553 1398 4618 &
1457 4556 1875 4643 recusantes,
1927 4559 2065 4626 heri
2119 4561 2323 4628 coaffi
2378 4557 2647 4627 sumus.-

1252 4653 1339 4717 V.
1389 4654 1573 4721 Tum
1627 4661 1911 4726 Catulus
1947 4711 1967 4745 ,
2020 4666 2124 4726 Ne
2175 4663 2384 4729 Graeci
2436 4661 2747 4749 quidem,
2800 4661 3008 4750 inquit
3049 4713 3071 4744 ,
3120 4656 3354 4726 Crasse
3392 4711 3415 4744 ,
3464 4657 3578 4746 qui
3634 4658 3701 4721 in
3755 4655 4145 4724 civitatibus

1149 4747 1281 4818 suis
1334 4755 1492 4822 clari
1535 4808 1557 4839 ,
1606 4761 1674 4828 ὅ(
1733 4763 1960 4850 magni
2015 4763 2287 4830 fuerunt
2328 4815 2346 4847 ,
2400 4762 2583 4831 sicuti
2633 4778 2707 4829 tu
2752 4782 2830 4827 es
2870 4813 2890 4847 ,
2963 4759 3209 4848 nosque
3260 4781 3494 4826 omnes
3548 4760 3615 4824 in
3673 4758 3888 4824 nostra
3942 4779 4141 4846 repu-

1141 4850 1308 4921 blica
1364 4859 1681 4926 volumus
1729 4861 1863 4929 esse
1903 4915 1922 4948 ,
1992 4863 2237 4930 horum
2289 4867 2669 4933 Graecorum
2714 4918 2733 4949 ,
2802 4863 2915 4952 qui
2972 4861 3033 4930 se
3086 4861 3433 4929 inculcant
3502 4863 3775 4932 auribus
3830 4859 4073 4928 nostris
4120 4911 4141 4942 ,

1137 4956 1385 5026 similes
1439 4959 1712 5030 fuerunt
1755 4987 1770 5030 :
1845 4985 1963 5032 nec
2020 4983 2240 5030 tamen
2296 4964 2361 5030 in
2414 4969 2549 5035 otio
2602 4967 2931 5033 sermones
2976 4963 3385 5044 hujusmodi
3427 5017 3449 5050 ,
3516 4959 4137 5053 disputationesque

1147 5055 1492 5150 fugiebant
1531 5113 1546 5130 .
1602 5071 1704 5136 Ac
1760 5065 1804 5132 fi
1861 5065 1968 5134 tibi
2030 5063 2389 5154 videntur,
2442 5071 2552 5159 qui
2611 5070 2923 5157 temporis
2965 5123 2986 5160 ,
3038 5071 3155 5161 qui
3208 5069 3336 5138 loci
3378 5119 3401 5157 ,
3442 5068 3561 5160 qui
3614 5066 3967 5137 hominum
4024 5083 4143 5131 ra-

3897 5183 4030 5231 τιο-
