4359 6321
812 508 1436 605 [ABER
1558 512 2631 621 TER-rrum·
2897 534 3101 633 25}-

221 630 443 708 erebra
513 619 861 701 mutatio?
958 630 1123 703 nihil
1172 630 1597 722 perniciosius
1642 678 1665 720 ,
1752 653 1959 724 quam
2026 642 2232 711 effusa
2301 648 2436 719 fine
2503 647 2974 723 intermistione
3055 678 3181 728 con

220 754 465 807 tentio.
822 780 827 787 .

262 918 269 926 ι
316 836 557 924 Quid?
610 834 690 905 ad
737 854 933 906 aures
982 826 1236 903 nostras
1290 830 1363 906 δι
1416 830 1693 907 saionis
1743 828 2186 930 suavitatem,
2232 846 2394 937 quid
2447 850 2539 919 est
2593 852 3060 944 vicissitudine,
3113 859 3190 929 δε

213 939 535 1010 varietate
576 990 597 1023 ‚
628 943 640 953 '
668 938 738 1009 δι
814 939 1346 1007 commutatione.
1410 938 1620 1026 aptius
1662 940 1699 1003 ἔ
1772 940 2006 1033 Itaque
2075 946 2254 1013 idem
2305 952 2650 1021 Gracchus
2701 966 2728 1041 (
2768 968 2906 1047 79)
2959 955 3192 1049 (quod

214 1060 389 1133 potes
438 1036 723 1124 audire,
768 1036 1051 1126 Catule,
1098 1060 1181 1107 ex
1242 1040 1517 1125 LicinO,
1566 1039 1811 1110 cliente
1864 1062 2034 1130 tuo,
2076 1046 2344 1115 literato
2397 1050 2670 1122 homine
2711 1104 2734 1141 ‚
2800 1080 3002 1148 quem
3055 1059 3188 1128 sa·-

212 1164 372 1213 vnm
438 1144 553 1213 fibi
608 1140 721 1211 ille
770 1140 1001 1215 habuit
1048 1142 1131 1207 ad
1184 1148 1513 1225 manum)
1558 1160 1723 1211 cum
1776 1140 2129 1217 eburneola
2201 1146 2428 1219 solitus
2477 1151 2596 1220 est‘
2638 1153 2876 1226 habere
2927 1160 3187 1247 fistula,

212 1246 325 1337 qui
378 1244 577 1315 staret
630 1240 897 1315 occulte
944 1232 1083 1333 post
1150 1240 1371 1331 ipsum
1410 1292 1436 1331 ‚
1482 1262 1641 1313 cum
1690 1244 2190 1319 concionaretur
2232 1301 2255 1338 ‚
2307 1250 2591 1341 petitum
2639 1254 3028 1345 hominem,
3078 1263 3196 1351 qui

216 1346 489 1415 inflaret
556 1342 849 1415 celeriter
910 1364 1077 1416 eum
1148 1339 1451 1434 sonum,
1519 1364 1653 1436 quo
1725 1346 1923 1415 illum
1995 1365 2108 1418 aut
2162 1354 2496 1423 remiffum
2563 1356 2885 1427 excitaret
2911 1412 2934 1449 ‚
2983 1375 3098 1431 aut
3149 1382 3190 1432 a

208 1452 639 1519 contentione
688 1460 1069 1527 revocaret.
1126 1444 1383 1516 Audivi
1434 1446 1857 1537 mehercule,
1910 1450 2125 1544 inquit
2172 1454 2490 1543 camina,
2545 1458 2616 1527 δε
2673 1456 2836 1551 saepe
2885 1458 3032 1529 sum
3083 1460 3226 1527 ad·-

213 1551 495 1621 miratus
544 1552 834 1621 hominis
882 1573 1043 1624 cum
1087 1550 1543 1644 diligentiam,
1594 1570 1743 1623 tum
1790 1558 1995 1623 etiam
2044 1554 2410 1626 doctrinam
2466 1561 2538 1628 δε
2601 1558 2980 1631 scientiam.
3037 1562 3186 1654 Ego

212 1670 417 1737 ver0,
466 1658 681 1743 inquit
734 1653 993 1725 Craffus
1030 1706 1057 1745 ‚
1123 1676 1205 1735 ac
1254 1654 1443 1725 doleo
1492 1658 1760 1746 quidem
1835 1656 1983 1725 illos
2038 1658 2215 1726 viros
2286 1660 2354 1726 in
2407 1678 2558 1728 eam
2609 1658 2914 1729 fraudem
2967 1667 3198 1731 in're-

210 1752 483 1845 publica
530 1754 651 1825 effe
718 1753 1073 1849 delapsost
1126 1774 1509 1847 quanquam
1556 1778 1637 1826 ea
1686 1756 1821 1826 tela
1867 1760 2157 1846 texitur,
2210 1761 2280 1831 δε
2335 1780 2414 1829 ea
2469 1762 2782 1829 incitatur
2838 1763 2908 1829 in
2961 1764 3192 1830 civita-

208 1872 277 1923 te
330 1858 501 1922 ratio
554 1854 815 1925 vivendi
862 1912 882 1944 ,
948 1880 1027 1926 ac
1078 1859 1431 1945 posteritati
1498 1854 1859 1927 ostenditur
1902 1911 1925 1946 ‚
1994 1878 2067 1928 ut
2134 1881 2372 1931 eorum
2421 1863 2719 1946 civium,
2771 1882 2940 1950 quos
2997 1862 3198 1931 nostri

212 1971 440 2049 patres
488 1980 625 2025 non
677 1960 1012 2044 tulerunt,
1062 1958 1199 2036 iam
1250 1956 1493 2025 fimiles
1546 1958 1785 2026 habere
1832 1960 2211 2049 cupiamus.
2269 1965 2467 2031 Mitte
2488 1958 2518 2049 ,'
2559 1960 2824 2030 obsecro
2863 2016 2886 2049 ,
2937 1964 3197 2053 inquit,

209 2057 439 2124 crasse
474 2110 496 2141 ‚
548 2060 766 2136 Julius
804 2112 825 2145 ,
893 2057 1263 2127 sermonem
1331 2056 1531 2124 istum
1569 2107 1591 2143 ,
1644 2061 1716 2128 &
1770 2074 1835 2127 te
1880 2059 1963 2129 ad
2016 2061 2308 2131 Gracchi
2362 2064 2664 2131 fistulam
2713 2060 2938 2133 refer:
2991 2065 3186 2142 cuius
3289 2066 3292 2071 ’

206 2176 345 2245 ego
402 2159 707 2226 nondum
756 2160 951 2247 plane
1002 2159 1333 2227 rationem
1384 2158 1725 2246 intelligo.

315 2258 499 2323 LXI.
553 2258 638 2323 In
684 2260 875 2327 omni
928 2280 1125 2346 voce,
1166 2256 1387 2350 inquit
1436 2259 1737 2345 (lt-alsus,
1780 2260 1876 2329 est
1914 2257 2230 2350 quiddam
2265 2259 2609 2353 medium,
2659 2262 2766 2334 sed
2813 2262 3006 2335 suum
3057 2266 3200 2333 cui-

207 2376 347 2450 que
397 2356 603 2425 voci.
676 2360 857 2428 Hinc
927 2360 1259 2450 gradatim
1331 2358 1731 2428 adscendere
1804 2382 2039 2429 vocem
2110 2364 2284 2447 utile
2361 2367 2430 2433 ἃ(
2491 2366 2693 2435 suave
2743 2366 2868 2435 est.
2924 2370 3100 2433 Nam
3155 2386 3196 2432 a

208 2458 541 2553 principio
608 2459 947 2547 clamare,
999 2460 1247 2550 agreste
1318 2460 1641 2551 quiddam
1688 2460 1783 2529 est
1817 2511 1840 2545 v,
1892 2464 1961 2530 ὅ(
2017 2461 2188 2531 illud
2256 2464 2437 2533 idem
2493 2468 2576 2532 ad
2649 2464 3060 2535 firmandum
3115 2464 3207 2533 est

208 2579 458 2628 vocem
512 2559 789 2629 salutare
825 2610 844 2628 .
920 2550 1181 2630 Deinde
1250 2560 1342 2627 est
1392 2560 1711 2651 quiddam
1762 2564 2214 2631 contentionis
2263 2582 2639 2633 extremum
2679 2616 2701 2651 ,
2750 2568 2924 2657 quod
2979 2586 3206 2635 tamen

206 2662 507 2731 inferius
560 2661 691 2751 est,
738 2684 945 2754 quam
988 2661 1400 2751 ‘acutiffimus
1452 2664 1707 2731 clamor
1742 2712 1767 2751 ‚
1824 2684 1959 2753 quo
2000 2682 2071 2731 te
2126 2664 2346 2733 fistula
2415 2668 2718 2755 progredi
2774 2689 2904 2733 non
2961 2667 3117 2732 finer
3175 2690 3202 2752 ,-

214 2766 293 2833 &
360 2782 591 2829 tamen
661 2762 741 2830 ab
790 2764 924 2853 ipsa
996 2759 1413 2831 contentione
1464 2762 1851 2831 revocabit.
1918 2764 2029 2831 Est
2078 2762 2238 2831 item
2308 2784 2544 2834 contra
2611 2768 2930 2857 quiddam
2983 2768 3052 2832 in
3107 2786 3207 2832 re-
3303 2778 3310 2784 ’

196 2850 515 2935 miffiohe
567 2865 1071 2953 graviffimum,
1121 2883 1382 2953 quoque
1439 2880 1758 2953 tanquam
1810 2864 2122 2945 sonorum
2160 2864 2482 2954 gradibus
2517 2868 2983 2936 descenditur.
3041 2870 3202 2966 Ηκρ

200 2970 551 3049 varietaS,
603 2968 673 3034 &
726 2968 837 3036 hic
911 2986 1029 3057 per
1079 2986 1310 3032 omnes
1382 2962 1575 3033 sonos
1628 2967 1806 3035 vocis
1854 2964 2083 3041 cursus
2122 3020 2145 3053 ,
2198 2968 2270 3035 &
2331 2962 2396 3032 se
2447 2968 2731 3037 tuebitur
2765 3020 2784 3055 ‚
2834 2971 2902 3038 &
2959 2967 3204 3035 astioni

204 3066 441 3135 afferet
496 3066 921 3137 suavitatem.
971 3066 1095 3133 Sed
1146 3062 1586 3134 fistulatorem
1638 3066 1823 3136 domi
1872 3070 2296 3163 relinquetis3
2349 3066 2612 3139 sensum
2661 3073 2866 3152 hujus
2915 3066 3192 3141 consue-

200 3171 473 3238 tudinis
532 3166 864 3235 vobiscum
918 3167 999 3231 ad
1050 3167 1273 3234 forum
1325 3167 1673 3234 deferetis.
2140 3163 2145 3170 ’
3195 3179 3215 3201 ·

328 3265 527 3332 Edidi
580 3286 721 3352 quae
776 3265 998 3352 potui,
1047 3283 1183 3340 non
1236 3279 1313 3328 ut
1361 3263 1589 3348 volui,
1640 3269 1744 3332 sed
1796 3281 1871 3332 ut
1924 3289 2034 3334 me
2080 3265 2403 3352 temporis
2459 3267 2770 3356 angustiae
2809 3283 3169 3359 coegerunt

204 3369 485 3438 Scitum
550 3363 643 3430 est
694 3367 922 3452 enim,
972 3357 1243 3430 causam
1312 3361 1622 3430 conferre
1704 3365 1773 3429 in
1835 3377 2101 3453 tempus
2138 3411 2161 3450 ,
2212 3385 2373 3430 cum
2427 3367 2661 3433 afferre
2711 3365 2948 3454 plura,
3001 3369 3050 3432 fi
3099 3389 3215 3436 cu-

210 3471 419 3560 piam,
473 3487 601 3532 non
657 3484 898 3556 queas·

330 3573 447 3636 Tu
504 3589 705 3654 vero,
752 3563 971 3658 inquit
1020 3559 1343 3652 CatuluS,
1396 3561 1720 3654 collegisti
1770 3563 1997 3632 omnia
2027 3615 2050 3651 ,
2098 3579 2426 3654 quantum
2477 3585 2610 3656 ego
2675 3561 2921 3654 possum
2975 3563 3224 3646 iudica-

205 3689 335 3756 re,
390 3671 488 3736 ita
539 3669 906 3755 divinituS,
960 3683 1035 3736 ut
1090 3688 1225 3733 non
1278 3687 1313 3730 a
1369 3669 1618 3734 Graecis
1670 3665 1956 3736 didicisse
1988 3719 2009 3753 ,
2055 3664 2163 3732 sed
2211 3689 2322 3734 eos
2370 3663 2541 3755 ipsos
2592 3667 2731 3734 haec
2782 3665 3021 3734 docere
3075 3663 3223 3757 pos-

208 3771 285 3840 se
342 3770 609 3836 videare
639 3815 659 3834 .
713 3771 829 3837 Me
879 3769 1149 3860 quidem
1206 3767 1385 3834 istius
1438 3768 1760 3835 sermonis
1808 3765 2193 3856 participem
2251 3767 2506 3835 factum
2561 3769 2680 3834 effe
2730 3768 2992 3856 gaudeo
3039 3785 3058 3832 t
3133 3783 3212 3834 ac

204 3873 483 3942 vellem
527 3923 548 3955 ‚
596 3887 671 3937 ut
726 3891 917 3940 meus
968 3887 1186 3960 gener
1226 3919 1249 3952 ,
1304 3865 1534 3935 sodalis
1586 3889 1746 3946 tuus
1794 3917 1821 3954 ,
1894 3867 2284 3936 Hortenfius
2336 3867 2650 3936 affuiffett
2700 3884 2898 3956 quem
2950 3867 3221 3959 quidem

206 3997 353 4064 ego
408 3971 685 4040 confido
730 3971 1042 4039 omnibus
1096 3969 1233 4035 istis
1292 3967 1637 4053 laudibus,
1686 3989 1849 4059 quas
1902 3985 1973 4035 tu
2028 3971 2318 4037 oratione
2367 3967 2761 4056 complexus
2817 3991 2889 4036 es
2929 4019 2951 4054 ,
2999 3967 3225 4036 excel-

218 4077 493 4144 lentem
556 4071 727 4141 fore.
780 4077 863 4139 Et
914 4067 1214 4156 Craffm,
1266 4067 1434 4138 Fore
1482 4072 1703 4137 dicis?
1760 4069 2015 4160 inquit:
2066 4092 2200 4160 ego
2252 4087 2406 4137 vero
2453 4073 2574 4136 elie
2629 4063 2766 4147 iam
2819 4065 3089 4154 iudice,
3145 4071 3218 4138 δε

204 4193 359 4247 tum
418 4173 727 4255 judicavi
767 4227 787 4260 ‚
840 4195 1001 4242 cum
1043 4223 1065 4260 ,
1116 4189 1223 4237 me
1272 4169 1543 4240 contule
1622 4173 1821 4258 (80)
1863 4225 1885 4258 ,
1935 4172 2003 4238 in
2063 4175 2297 4242 senatu
2349 4167 2616 4240 causam
2667 4169 2966 4238 defendit
3027 4168 3220 4236 Afri·-

200 4303 347 4368 cae3
408 4299 759 4368 nuperque
812 4279 1015 4344 etiam
1071 4271 1335 4362 magis,
1382 4296 1541 4342 cum
1593 4297 1713 4362 pro
1762 4274 2095 4356 Bithyniae
2144 4289 2306 4362 rege
2360 4273 2563 4339 dixit.
2619 4269 3082 4356 Qamobrem
3125 4287 3226 4336 re-

203 4381 311 4451 ste
390 4381 579 4448 vides
619 4432 641 4463 ‚
690 4381 925 4447 Catule
970 4399 987 4444 ε
1039 4373 1213 4444 nihil
1262 4376 1447 4444 enim
1496 4375 1600 4444 isti
1668 4369 2066 4443 adolescenti
2108 4417 2133 4460 ,
2202 4387 2414 4462 neque
2469 4387 2506 4438 a
2559 4387 2800 4442 natura
2841 4417 2864 4461 ,
2913 4391 3135 4460 neque
3185 4388 3230 4436 a

420 4485 607 4546 Tom.
660 4487 717 4548 1.
2229 4473 2294 4543 N
2347 4491 2397 4540 n
3003 4470 3116 4538 do·

289 4905 465 4968 (79)
502 4898 833 4964 Gracchw)
868 4897 961 4957 De
979 4902 1051 4959 C·
1072 4894 1319 4960 Gracchi
1358 4895 1531 4956 fistula
1546 4910 1689 4954 con-
1786 4877 2128 4974 DCLVIJ'I.
2184 4909 2294 4964 qno
2346 4886 2583 4970 primum
2645 4899 2894 4965 ternpore
2929 4915 2947 4944 ,
2987 4895 3049 4936 ut
3087 4871 3228 4933 teser

210 4969 531 5031 cionatoria
572 4971 699 5027 vide
736 4969 1017 5038 Gellium,
1058 4971 1149 5029 lib.
1194 4993 1239 5028 ι.
1276 4991 1391 5042 cap.
1434 4982 1515 5028 ¹tr.
1554 4971 1686 5026 Pru·
1784 4965 2001 5026 Tullius
2036 4983 2099 5022 m
2137 4962 2314 5022 Bruto
2337 4999 2360 5030 ,
2411 4976 2476 5018 m
2512 4954 2638 5016 soro
2673 4957 2820 5016 dixit
2873 4949 3207 5012 Hortenfius

199 5045 366 5116 steus
386 5080 403 5094 .
1784 5037 1935 5097 Idem
1952 5065 1971 5095 ι

217 5113 229 5124 ’
293 5117 471 5180 (80)
524 5121 621 5174 Me
670 5109 945 5188 consule)
996 5119 1171 5176 Anno
1225 5103 1436 5174 scilicet
1486 5107 1577 5170 U.
1610 5109 1687 5170 C.
