4359 6321
2099 466 2334 561 DE
2458 458 3219 559 CLARIS

1162 596 1233 666 &
1287 500 1605 685 dignate
1643 636 1664 659 .
1738 594 1901 674 Qio
1952 586 2134 657 enim
2186 609 2323 657 uno
2380 586 2805 657 vincebamur
2856 604 2897 652 a
2952 584 3128 654 vista
3180 580 3441 651 Graecia
3478 632 3501 670 ,
3570 578 3638 649 id
3688 599 3807 653 aut
3856 606 4167 683 ereptum

1162 696 1300 764 illis
1349 694 1438 763 est
1477 746 1498 779 ‚
1573 708 1682 763 aut
1735 710 1913 760 certe
1963 692 2151 758 nobis
2202 711 2362 758 cum
2413 688 2550 755 illis
2598 688 3172 758 communicatum
3212 732 3231 751 .
3284 687 3482 753 Hanc
3534 698 3763 754 autem
3802 740 3823 775 ,
3868 692 4082 785 inquit
4136 746 4169 781 ,

1163 798 1453 887 gloriam
1523 792 2098 883 testimoniumque
2147 790 2416 861 Caesaris
2484 804 2611 861 tuae
2676 788 2946 882 quidem
3019 785 3479 877 supplicationi
3547 798 3693 878 (c)
3765 810 3901 863 non
3952 846 3973 883 ,
4036 794 4167 866 sed

1163 894 1517 985 triumphis
1571 895 1941 965 multorum
1997 910 2363 984 antepono.

1266 1002 1348 1064 Et
1403 995 1573 1065 recte
1625 998 1888 1091 quidem
1928 1049 1949 1083 ,
2017 998 2291 1085 inquam
2330 1045 2353 1078 ,
2422 994 2625 1059 Brute
2669 1043 2690 1077 ‚
2765 986 2967 1057 modo
3018 987 3095 1053 fit
3144 984 3272 1058 hoc
3322 987 3601 1059 Caesaris
3658 988 3882 1071 iudicii
3923 1047 3944 1082 ,
4018 1017 4167 1067 non

1165 1098 1632 1167 benevolentiae
1703 1097 2150 1167 testimonium
2191 1143 2207 1162 .
2284 1094 2445 1160 Plus
2498 1093 2680 1160 enim
2732 1106 2907 1159 certe
2976 1089 3201 1157 attulit
3272 1088 3429 1161 huic
3496 1093 3745 1183 populo
3812 1094 4171 1187 dignitatis

1167 1198 1460 1291 quisquis
1509 1197 1598 1264 est
1649 1198 1764 1266 ille
1805 1253 1820 1281 ,
1873 1198 1922 1265 fi
1975 1195 2178 1265 modo
2226 1195 2317 1261 est
2366 1193 2604 1281 aliquis
2654 1246 2675 1281 ,
2724 1192 2841 1280 qui
2892 1209 3024 1257 non
3078 1189 3433 1259 illustravit
3485 1195 3682 1263 modo
3724 1246 3746 1281 ,
3796 1194 3904 1265 sed
3953 1200 4169 1271 etiam

1165 1301 1391 1389 genuit
1443 1300 1509 1364 in
1565 1299 1693 1365 hac
1747 1297 1906 1365 urbe
1957 1295 2222 1365 dicendi
2275 1295 2575 1381 copiam,
2628 1312 2830 1385 quam
2884 1290 3031 1376 illi,
3081 1291 3195 1382 qui
3254 1295 3591 1382 Ligurum
3640 1295 3901 1367 castella
3948 1320 4169 1393 expu-

1165 1416 1581 1488 gnaverunt:
1635 1421 1718 1465 ex
1773 1399 2010 1486 quibus
2060 1393 2256 1461 multi
2314 1394 2463 1462 sunt
2521 1447 2541 1481 ,
2596 1412 2670 1463 ut
2724 1391 2942 1478 scitis,
2991 1392 3345 1481 triumphi.

1265 1504 1524 1567 Verum
1575 1498 1844 1586 quidem
1903 1494 1947 1561 fi
2003 1492 2225 1563 audire
2282 1494 2600 1563 volumus
2640 1548 2660 1582 ,
2730 1492 2969 1561 omiffis
3017 1493 3155 1561 illis
3209 1492 3457 1563 divinis
3504 1498 3797 1567 consiliis
3845 1552 3868 1587 ,
3918 1502 4161 1591 quibus

1168 1600 1326 1687 saepe
1378 1598 1724 1666 constituta
1797 1593 1887 1661 est
1937 1597 2419 1681 imperatorum
2477 1594 2781 1685 sapientia
2840 1594 3011 1665 salus
3060 1593 3349 1662 civitatis
3399 1612 3513 1662 aut
3566 1598 3718 1667 belli
3763 1652 3786 1686 ,
3852 1618 3969 1669 aut
4036 1604 4163 1670 do-

1165 1702 1302 1785 mi;
1357 1697 1572 1765 multo
1613 1695 1824 1785 magis
1875 1715 2093 1763 orator
2145 1695 2397 1785 praestat
2449 1699 2735 1766 minutis
2786 1692 3329 1783 imperatoribus.
3383 1700 3477 1764 At
3531 1699 3777 1784 prodest
3828 1702 3978 1789 plus
4030 1704 4167 1773 im-

1167 1817 1462 1889 perator.
1521 1802 1693 1885 Qis
1743 1800 2001 1887 negat?
2055 1799 2181 1865 Sed
2236 1816 2503 1884 tamen,
2558 1813 2749 1889 (non
2806 1812 3035 1865 metuo
3084 1814 3167 1862 ne
3218 1795 3381 1863 mibi
3424 1798 3847 1869 acclametis:
3900 1804 3991 1871 est
4040 1825 4163 1875 au·

1165 1920 1304 1969 tem
1376 1898 1551 1989 quod
1628 1890 1922 1984 sentias,
1989 1899 2249 1967 dicendi
2322 1900 2480 1967 liber
2555 1898 2793 1985 locus)
2868 1896 3103 1964 malim
3176 1896 3341 1964 mihi
3394 1901 3694 1971 L.Craffi
3764 1924 3971 1972 unam
4042 1926 4167 1995 pro

1175 2003 1526 2067 M’‚Curio
1580 1998 1934 2067 diffitionem
1974 2053 1993 2086 ,
2061 2021 2273 2091 quam
2323 1999 2712 2069 castellanos
2764 1998 3136 2087 triumphos
3184 1996 3351 2067 duos
3383 2047 3402 2068 .
3474 2007 3571 2069 At
3640 2004 3792 2091 plus
3849 2006 4171 2075 interfuit

1171 2104 1540 2189 reipublicae
1591 2099 1938 2168 castellum
1991 2102 2132 2189 capi
2186 2103 2517 2191 Ligurum
2563 2153 2587 2188 ,
2650 2122 2855 2192 quam
2924 2099 3087 2168 bene
3136 2098 3395 2167 defendi
3463 2100 3729 2174 causam
3788 2104 4141 2175 M’.Curii

1168 2205 1425 2273 Credo.
1479 2199 1604 2271 Sed
1658 2202 2164 2271 Atheniensium
2215 2224 2476 2293 quoque
2529 2203 2675 2292 plus
2728 2202 3031 2271 interfuit
3084 2200 3282 2269 firma
3332 2200 3493 2269 tetta
3540 2202 3611 2267 in
3646 2203 3994 2272 domiciliis
4029 2207 4185 2272 ha..

1174 2304 1362 2393 bere,
1412 2325 1619 2396 quam
1676 2305 1995 2371 Minervae
2049 2303 2315 2393 fignum
2366 2325 2451 2371 ex
2502 2301 2692 2373 ebore
2745 2302 3319 2391 pulcherrimum5
3370 2320 3583 2370 tamen
3640 2324 3762 2394 ego
3812 2326 3919 2375 me
3990 2308 4181 2375 Phi..

1171 2407 1352 2475 diam
1425 2407 1547 2473 effe
1617 2405 1896 2473 mallem
1943 2457 1962 2489 ‚
2029 2427 2233 2495 quam
2300 2405 2403 2473 vel
2458 2408 2789 2493 optimum
2860 2405 3127 2473 fabrum
3204 2404 3561 2493 tignarium
3605 2452 3623 2473 .
3690 2410 3924 2486 Qare
3978 2427 4175 2496 non,

1169 2524 1499 2599 quantum
1551 2507 1827 2597 quisque
1879 2507 2118 2597 profit,
2169 2506 2277 2573 sed
2328 2509 2559 2597 quanti
2615 2505 2892 2598 quisque
2946 2505 3067 2591 fit,
3118 2505 3626 2593 ponderandum
3692 2504 3840 2573 estz
3896 2505 4173 2593 praser-

1173 2609 1295 2674 tim
1347 2631 1506 2675 cum
1559 2611 1750 2695 pauci
1824 2601 2107 2700 pingere‘
2143 2610 2412 2699 egregie
2481 2606 2717 2699 poffint
2766 2660 2787 2696 ,
2856 2623 2970 2675 aut
3028 2606 3345 2699 fingere,
3396 2607 3678 2697 operarii
3726 2622 3998 2696 autem,
4046 2625 4171 2679 aut

1174 2706 1380 2788 bajuli
1435 2710 1639 2777 deesse
1689 2730 1822 2777 non
1879 2712 2146 2799 poffint.

1277 2815 1592 2879 LXXIV.
1649 2811 1774 2879 Sed
1829 2834 2077 2901 perge,
2126 2813 2451 2903 Pomponi
2490 2814 2531 2902 ,⁰
2582 2815 2667 2885 de
2720 2813 2974 2885 Caefare
3010 2865 3031 2900 ‚
3100 2818 3173 2885 δε
3230 2812 3419 2881 redde
3486 2834 3631 2903 quae
3700 2812 3993 2881 restant.
4044 2818 4165 2881 So-

1177 2914 1326 2981 lum
1377 2912 1651 3004 quidem
1697 2966 1718 2998 ‚
1789 2916 2006 3002 inquit
2061 2913 2173 2980 ille
2215 2967 2236 3000 ,
2310 2917 2380 2986 &
2440 2904 2621 3006 quali
2676 2916 3197 2987 fundamentum
3246 2915 3521 2983 oratoris
3584 2914 3763 2982 vides
3803 2968 3829 3003 ,
3888 2917 4163 2983 locutio-

1176 3036 1333 3083 nem
1385 3015 1806 3083 emendatam
1862 3017 1931 3084 δι
1991 3014 2351 3083 Latinamt
2405 3018 2598 3097 cuius
2648 3038 2851 3106 penes
2896 3038 3058 3108 quos
3112 3018 3257 3085 laus
3314 3014 3529 3084 adbuc
3588 3015 3714 3081 fuit
3754 3068 3777 3102 ‚
3846 3036 3971 3085 non
4028 3014 4165 3083 fuit

1175 3118 1486 3204 rationis,
1535 3133 1648 3184 aut
1704 3114 2024 3202 scientiae,
2077 3116 2186 3184 fed
2240 3118 2421 3208 quali
2476 3118 2655 3192 bonae
2706 3120 3261 3193 consuetudinis.
3312 3116 3525 3184 Mitto
3572 3124 3649 3196 C,
3704 3118 4027 3202 Laelium,
4078 3121 4156 3184 Ρ.

1173 3220 1546 3309 Scipionem
1567 3267 1589 3308 ε.
1645 3221 1897 3286 AEtatis
1950 3219 2135 3316 illius
2190 3217 2305 3288 ista
2358 3222 2484 3292 fuit
2538 3224 2729 3310 laus,
2776 3241 3099 3314 tanquam
3154 3221 3589 3304 innocentiae,
3642 3219 3728 3287 fic
3784 3223 4025 3287 Latine
4064 3218 4163 3285 lo·

1173 3321 1502 3413 quendi,;;
1555 3343 1677 3392 nec
1751 3323 2055 3392 omnium
2124 3339 2350 3392 tamen
2385 3373 2409 3415 .·
2478 3329 2659 3394 Nam
2709 3325 2989 3393 illorum
3038 3325 3323 3415 aequales
3354 3376 3376 3410 ,
3442 3321 3781 3392 Caecilium
3836 3323 3909 3390 &
3956 3324 4167 3390 Pacu-

1174 3425 1406 3509 vium,
1471 3426 1648 3492 male
1707 3423 1965 3492 locutos
2022 3426 2369 3495 videmus.
2422 3427 2553 3494 sed
2614 3447 2847 3497 omnes
2908 3445 3055 3494 tum
3117 3426 3295 3510 fere,
3348 3425 3463 3513 qui
3524 3441 3643 3494 nec
3694 3437 3883 3494 extra
3924 3421 4169 3491 urbem

1171 3523 1349 3591 hanc
1387 3526 1733 3610 vixerant,
1793 3546 1912 3593 nec
1953 3547 2067 3596 eos
2107 3528 2333 3620 aliqua
2368 3525 2691 3596 barbaries
2748 3527 3099 3598 domestica
3152 3526 3641 3612 infuscaverat,
3693 3521 3865 3596 reste
3929 3521 4169 3611 loque-

1177 3623 1448 3690 bantur.
1513 3628 1632 3690 Sed
1673 3625 1844 3692 hanc
1881 3643 2058 3696 certe
2098 3651 2241 3704 rem
2280 3629 2670 3700 deteriorem
2732 3627 3017 3698 vetustas
3084 3625 3235 3695 fecit
3293 3629 3359 3696 &
3412 3631 3640 3693 Romae
3674 3675 3695 3711 ,
3744 3623 3811 3694 &
3856 3623 3925 3688 in
3968 3627 4171 3692 Grae-

1173 3728 1311 3792 cia.
1362 3723 1852 3796 Confluxerunt
1907 3731 2096 3797 enim
2155 3734 2228 3801 δι
2278 3732 2617 3817 Athenas,
2676 3735 2749 3803 δε
2805 3733 2875 3805 in
2940 3731 3115 3798 hanc
3157 3725 3390 3796 urbem
3448 3726 3643 3794 multi
3686 3725 4031 3814 inquinate
4068 3725 4165 3792 lo-

1175 3841 1452 3915 quentes
1490 3846 1574 3894 ex
1613 3828 1880 3895 diversis
1923 3830 2126 3899 locis.
2184 3837 2341 3918 Quo
2382 3835 2602 3922 magis
2656 3830 3132 3925 expurgandus
3166 3829 3261 3896 est
3318 3827 3577 3914 sermo,
3644 3828 3715 3896 &
3760 3825 4163 3914 adhibenda,

1175 3943 1520 4016 tamquam
1584 3928 1840 3997 obi-uffa
1882 3984 1901 4017 ,
1957 3933 2164 4021 ratic,
2220 3956 2360 4025 quae
2430 3936 2679 4010 mutari
2734 3955 2867 4010 non
2914 3929 3167 4021 potest3
3231 3949 3351 3998 nec
3412 3927 3736 3998 utendum
3792 3926 4163 4018 praviffima

1176 4028 1669 4099 consuetudinis
1734 4033 2010 4122 regula.
2310 4020 2317 4030 ⁴

1276 4133 1360 4196 T.
1414 4129 1870 4221 Flaminium,
1919 4135 2035 4224 qui
2085 4155 2245 4204 cum
2296 4139 2389 4220 Q
2440 4136 2725 4210 Metello
2774 4135 3001 4208 consul
3058 4133 3229 4219 fuit,
3282 4135 3459 4224 pueri
3516 4133 3811 4204 vidimus
3856 4180 3871 4200 .
3918 4127 4161 4200 Existi-

1172 4229 1479 4302 mabatur
1533 4231 1694 4326 bene
1747 4237 2026 4322 Latine,
2083 4235 2191 4304 sed
2242 4240 2473 4308 literas
2530 4237 2888 4308 nefcfebat.
2940 4236 3225 4306 Catulus
3270 4254 3410 4304 erat
3462 4237 3586 4306 ilie
3638 4237 3906 4325 quidem
3956 4232 4165 4300 mini-

1170 4355 1280 4402 me
1329 4335 1630 4403 {udonus
1661 4388 1680 4420 ,
1733 4352 1806 4402 ut
1860 4357 1900 4428 a
1949 4351 2012 4404 te
2061 4339 2265 4427 paulo
2312 4341 2407 4408 est
2457 4359 2607 4408 ante
2660 4340 2970 4409 distum:
3026 4337 3135 4407 sed
3188 4354 3407 4406 tamen
3464 4336 3749 4410 iiiavitas
3802 4337 3981 4412 vocis
4012 4389 4035 4423 ,
4084 4337 4161 4406 ἀ

1173 4435 1341 4502 lenis
1394 4435 1744 4522 appellatio
1795 4435 2181 4527 literarum,
2236 4441 2395 4510 bene
2446 4442 2759 4533 loquendi
2814 4442 3069 4508 famam
3118 4440 3537 4511 confecerat.
3586 4445 3825 4521 Cotta,
3876 4441 4041 4527 quia
4098 4433 4167 4504 se

1171 4534 1370 4602 valde
1426 4534 1789 4604 dilatandis
1861 4537 2066 4606 literis
2147 4561 2189 4606 a
2236 4542 2666 4611 similitudine
2736 4547 2987 4611 Graecae
3062 4540 3419 4608 locutionis
3471 4539 3923 4624 abstraxerat,
3976 4541 4167 4608 sona-

1173 4634 1415 4724 batque
1465 4637 1873 4706 contrarium
1919 4641 2205 4726 Catulo,
2258 4639 2623 4730 subagreste
2674 4642 3034 4742 quiddam,
3082 4641 3406 4732 planeque
3455 4639 3951 4712 subrusticum:
4026 4638 4169 4706 alia

3906 4761 4054 4830 qut-

1176 5040 1186 5049 .
1243 5075 1363 5147 ζα)
1402 5073 1548 5134 Vi&-
1585 5091 1694 5134 non
1719 5071 1914 5150 solum
1943 5115 1964 5147 ‚
1990 5075 2097 5151 sed
2117 5115 2136 5139 .
