4359 6321
840 502 1450 601 LIBER
1579 502 2526 601 TERTIUS.
2905 516 3085 631 269

208 622 737 721 Atqueillud‚

654 732 915 811 Erras,
964 748 1184 793 erras:
1240 747 1394 794 nam
1447 723 1869 812 exsultantem
1922 743 2026 813 te,
2074 730 2161 801 ἐφ
2201 726 2642 815 praefidentem
2691 730 2816 798 tibi

364 910 379 923 ⁸
654 832 1031 915 Repriment
1084 826 1322 893 valida·
1380 828 1589 912 legum
1640 824 1947 913 hahenae,
1998 846 2188 913 atque
2244 830 2834 916 imperii-infistent
2886 832 3067 918 jugo.

206 937 524 1019 Sumpta
579 948 653 997 re
707 926 941 1015 simili,
994 928 1191 994 verba
1240 929 1389 1006 eius
1438 930 1533 995 rei
1587 930 1843 1017 propria
1892 928 2196 1017 deinceps
2250 930 2318 995 in
2371 954 2517 1001 rem
2570 928 2772 1002 aliam
2827 945 2953 1023 (ut
3021 932 3216 1022 dixi)

204 1035 741 1100 transferuntur
760 1078 777 1095 .
3193 1044 3198 1053 '

316 1136 569 1203 XLII.
630 1130 732 1196 Est
783 1128 909 1197 hoc
962 1150 1290 1219 magnum
1343 1146 1813 1198 ornamentum
1832 1133 2186 1219 orationiS,
2237 1131 2306 1197 in
2357 1153 2490 1223 quo
2543 1134 2904 1203 obscuritas
2956 1138 3222 1225 fugien-

201 1236 299 1303 da
354 1234 517 1303 est.
577 1232 842 1300 Etenim
891 1252 975 1297 ex
1030 1232 1154 1298 hoc
1208 1250 1449 1319 genere
1498 1230 1675 1298 fiunt
1726 1251 1848 1316 ea,
1898 1254 2041 1321 quae
2088 1232 2404 1302 dicuntur
2453 1237 2809 1324 aenigmata
2855 1285 2872 1302 .
2925 1242 3078 1303 Non
3129 1234 3224 1303 est

206 1357 477 1406 autern
530 1337 598 1402 in
658 1331 857 1399 verbo
908 1332 1141 1398 modus
1197 1332 1348 1419 hic,
1401 1329 1505 1399 sed
1554 1332 1622 1397 in
1673 1336 2015 1417 oratione,
2064 1332 2127 1398 id
2176 1332 2266 1401 est
2303 1386 2326 1421 ‚
2389 1336 2458 1403 in
2509 1338 3002 1410 continuatione
3077 1356 3225 1403 ver-

210 1435 527 1504 borum.
581 1438 685 1501 Ne
734 1432 855 1499 illa
905 1432 1174 1521 quidem
1229 1432 1555 1501 tradufflo
1624 1450 1817 1523 atque
1890 1434 2268 1501 immutatio
2335 1437 2407 1501 in
2461 1436 2661 1505 verbo
2713 1440 3051 1526 quandam
3127 1435 3226 1502 fa-

216 1536 688 1606 bricationem
741 1532 979 1619 habet,
1030 1532 1139 1602 sed
1180 1536 1249 1600 in
1299 1536 1663 1620 oratione,·

656 1634 885 1723 Africa
938 1636 1221 1701 terribili
1272 1646 1495 1703 tremit
1548 1632 1811 1703 horrida
1864 1654 2041 1701 terra
2092 1632 2410 1701 tumultu.

213 1742 369 1803 Pro
436 1734 626 1803 Afris
672 1734 763 1801 est
817 1734 1071 1823 sumpta
1125 1736 1395 1805 Africa.
1450 1740 1685 1828 Neque
1741 1736 1993 1807 faeium
2049 1734 2324 1805 verbum
2373 1734 2509 1824 est,
2559 1748 2676 1825 ut,

656 1842 840 1902 Mare
876 1838 1245 1926 saxifragis
1296 1841 1531 1903 undis.-

217 1956 472 2027 neque
524 1938 959 2027 translatum,
1008 1956 1128 2024 ut,
1178 1936 1468 2005 Mollitur
1518 1959 1741 2007 mare.-
1800 1937 1907 2007 sed
1962 1938 2238 2007 ornandi
2289 1940 2487 2009 causa
2540 1939 2883 2031 proprium
2962 1939 3228 2029 proprio

217 2056 787 2123 commutatum,

662 2136 921 2226 Desine,
973 2144 1228 2228 Roma,
1279 2159 1419 2208 tuos
1472 2138 1669 2221 hostes
1694 2186 1870 2208 .....
1934 2141 2051 2227 &‚
2100 2138 2309 2219 Testes
2349 2140 2506 2227 sunt
2558 2150 2776 2229 campi
2831 2147 3050 2225 magni
3089 2181 3231 2208 ....

220 2238 503 2308 Gravis
549 2237 641 2307 est
690 2241 927 2311 modus
982 2242 1049 2306 in
1100 2258 1338 2309 ornatu
1392 2242 1703 2309 orationis
1743 2294 1764 2328 ,
1831 2244 1900 2313 &
1966 2240 2124 2329 saepe
2177 2238 2592 2310 sumendus:
2663 2262 2754 2308 ex
2809 2266 2941 2333 quo
2993 2258 3235 2329 genere

220 2343 429 2425 haec,
490 2340 681 2425 funt,
734 2348 1019 2407 Martem
1068 2344 1221 2411 belli
1270 2339 1383 2427 effe
1434 2363 1890 2431 communem;
1958 2351 2252 2409 Cererem
2304 2364 2426 2432 pro
2480 2342 2848 2435 frugibus;
2919 2342 3230 2409 Liberum

223 2441 580 2532 appellare
636 2461 752 2529 pro
806 2445 1002 2532 vino;
1056 2444 1439 2532 Neptunum
1490 2464 1612 2529 pro
1662 2449 1877 2530 mari‚·
1936 2451 2199 2510 curiam
2245 2462 2366 2532 pro
2402 2440 2626 2513 senatu
2670 2470 2692 2532 3
2763 2460 3063 2531 campum
3115 2462 3232 2531 pro

220 2544 541 2613 comitiis
558 2568 582 2628 ,-
636 2560 846 2628 togam
900 2566 1017 2634 pro
1066 2566 1262 2633 pace3
1311 2566 1499 2613 arma
1556 2566 1631 2614 ac
1686 2547 1817 2613 tela
1864 2566 1979 2632 pro
2028 2544 2240 2612 bello.

335 2650 519 2728 Quo
572 2644 732 2710 item
788 2647 855 2713 in
910 2668 1149 2735 genere
1202 2650 1271 2717 &
1334 2648 1639 2733 virtuteS,
1696 2650 1765 2716 δε
1830 2646 1985 2712 vitia
2036 2666 2159 2732 pro
2207 2643 2356 2733 ipfis
2395 2697 2417 2732 ,
2463 2648 2534 2713 in
2587 2644 2826 2735 quibus
2880 2644 2994 2710 illa
3035 2642 3231 2728 sunt,

218 2746 721 2839 appellantur.-
780 2752 1099 2813 Luxuries
1153 2768 1357 2837 quam
1411 2748 1479 2812 in
1530 2748 1810 2814 domum
1864 2748 2133 2832 irrupit:
2191 2748 2308 2830 δε,
2359 2752 2517 2831 Qo
2567 2754 2864 2813 avaritia
2933 2759 3227 2832 penetra-

224 2855 377 2918 vit:
442 2863 564 2913 aut
614 2848 805 2912 Fides
860 2848 1107 2930 valuit,
1158 2848 1436 2939 justitia
1487 2848 1812 2915 confecit.
1868 2846 2127 2913 Videtis
2175 2846 2466 2932 profeao
2518 2867 2734 2935 genus
2790 2846 2914 2945 hoc
2969 2859 3232 2931 totum,

226 2973 400 3019 curn
459 2944 720 3013 inflexo
788 2966 1330 3039 commutatoque
1402 2946 1597 3014 verbo
1668 2969 1770 3016 res
1838 2946 2077 3015 eadem
2144 2950 2525 3016 enuntiatur
2563 3000 2584 3035 ,
2681 2948 2972 3015 ornatius
3012 2970 3036 3009 .·
3115 2944 3228 3012 cui

230 3054 399 3120 sunt
459 3048 747 3116 finitima
796 3050 911 3116 illa
965 3052 1191 3117 minus
1239 3066 1475 3117 ornata
1513 3102 1536 3135 ‚
1592 3048 1696 3115 sed
1748 3064 1971 3116 tamen
2023 3068 2156 3117 non
2213 3050 2584 3137 ignoranda
2615 3102 2636 3135 ,
2703 3070 2862 3119 cum
2931 3046 3225 3135 intelligi

229 3156 571 3223 volumus
623 3149 914 3236 aliquid,
965 3169 1075 3215 aut
1122 3174 1209 3218 ex
1260 3168 1443 3235 parte
1494 3166 1755 3234 totum,
1805 3165 1919 3234 ut,
1972 3170 2086 3235 pro
2134 3151 2428 3219 aedificiis
2479 3173 2638 3220 cum
2684 3159 2967 3238 parietes
3009 3202 3030 3234 ‚
3103 3160 3224 3214 aut

234 3255 415 3319 τσὲἶα
473 3250 791 3312 dicimus:
842 3262 955 3312 aut
1004 3268 1085 3310 ex
1142 3263 1281 3311 toto
1331 3261 1627 3344 partem,
1678 3265 1795 3331 ut,
1842 3267 2003 3314 cum
2052 3268 2262 3316 unam
2317 3268 2654 3336 turmam,
2705 3259 3070 3334 equitatum
3112 3265 3224 3336 po-

227 3350 379 3441 puli
447 3353 733 3415 Romam·
778 3344 1099 3413 dicimus=
1152 3359 1265 3411 aut
1312 3363 1397 3410 ex
1447 3365 1583 3410 uno
1632 3345 1893 3432 plureS,
2911 3361 2916 3365 ·

668 3455 750 3512 At
806 3452 1137 3514 Romanus
1190 3444 1367 3510 homo
1397 3497 1417 3530 ‚
1472 3463 1689 3512 tamen
1740 3443 1851 3527 etfi
1902 3464 2007 3509 res
2060 3442 2212 3511 bene
2255 3444 2431 3530 gesta
2485 3443 2615 3530 est,

668 3550 863 3615 Corde
898 3544 1016 3633 suo
1069 3549 1347 3634 trepidat
1369 3538 1397 3606 '.·

240 3665 365 3719 aut
418 3669 583 3718 cum
634 3669 717 3715 ex
774 3645 1067 3736 pluribus
1121 3647 1513 3735 intelligitur
1560 3669 1823 3734 unum,

664 3749 811 3813 Nos
845 3747 1061 3837 sumu’
1116 3753 1441 3834 Romani,
1491 3760 1601 3834 qui
1642 3755 1911 3842 suimus
1963 3767 2107 3816 ante
2162 3750 2415 3817 Rudini
2467 3760 2605 3836 (71
2637 3758 2712 3836 ):

240 3868 364 3920 aut
420 3869 843 4016 quocuaemque
896 3848 1104 3916 modo
1153 3869 1286 3917 non
1340 3863 1417 3918 ut
1464 3849 1721 3918 distum
1771 3849 1906 3936 est,
1952 3849 2021 3916 in
2073 3871 2152 3918 eo
2199 3871 2440 3940 genere
2488 3850 2884 3941 intelligitur
2925 3901 2946 3936 ,
3003 3847 3106 3918 sed
3156 3864 3234 3920 ut

243 3951 529 4022 sensum
580 3956 641 4016 el
686 4003 701 4018 .

348 4053 617 4120 XLIII.
676 4050 1033 4118 Abutimur
1091 4047 1247 4136 saepe
1297 4049 1499 4115 etiam
1552 4049 1747 4119 verbo
1797 4073 1929 4118 non
1982 4068 2120 4119 tam
2173 4053 2516 4146 eleganter
2559 4106 2580 4140 ‚
2647 4073 2850 4144 quam
2903 4054 2969 4119 in
3025 4067 3235 4124 trans-

242 4153 577 4222 ferendo:
634 4151 743 4220 sed
798 4155 1001 4220 etiam
1054 4149 1101 4217 fi
1152 4151 1501 4238 licentius,
1550 4169 1773 4222 tamen
1829 4155 2169 4222 interdum
2225 4177 2356 4222 non
2411 4155 2828 4242 impudenter
2881 4179 2896 4220 ι
2951 4172 3024 4223 ut
3076 4173 3236 4224 cum

236 4258 573 4343 grandem
627 4264 973 4324 orationem
1026 4273 1147 4342 pro
1194 4271 1487 4341 magna,
1538 4261 1859 4321 minutum
1910 4265 2206 4323 animum
2257 4279 2376 4346 pro
2427 4277 2638 4347 parvo
2691 4255 2972 4326 dicimus
3015 4302 3034 4322 .
3105 4263 3242 4324 Ve-

2977 4379 3137 4427 rum

238 4549 3152 4592 Μ

326 4731 495 4796 (γι)
538 4734 647 4782 Nos
674 4721 909 4795 sumu’)
948 4727 1080 4782 Non
1120 4719 1328 4777 dubitat
1361 4718 1570 4793 Lipfius
1607 4719 1705 4781 lib.
1806 4721 1929 4784 nius
1954 4761 1971 4780 .
2024 4731 2167 4792 Ergo
2217 4725 2316 4799 qui
2349 4721 2452 4780 hac
2486 4687 2697 4792 secerni¹
2727 4766 2747 4792 ,
2785 4725 3034 4784 Rudiam
3069 4721 3249 4782 homi·-

261 4817 323 4854 ν.
362 4799 513 4856 Lest.
548 4813 665 4866 cap.
703 4813 757 4850 ι.
804 4795 937 4868 quin
976 4793 1067 4851 hic
1102 4791 1171 4851 fit
1207 4792 1357 4851 Enni
1413 4790 1593 4851 versus
1632 4791 1707 4852 fi·-
1805 4817 1928 4856 nem
1965 4797 2208 4854 Ennium
2247 4797 2474 4864 majores
2511 4795 2674 4867 nostri
2709 4801 2772 4852 in
2825 4801 3119 4854 civitatem
3155 4811 3245 4847 re-

264 4868 321 4924 bi
374 4868 495 4923 data
548 4863 772 4921 civitate
820 4867 1139 4936 gratulantis
1171 4904 1187 4919 .
1241 4863 1419 4923 Variae
1458 4862 1581 4924 sunt
1622 4866 1707 4923 le·
1790 4879 2058 4942 ‘ceperunt
2086 4904 2103 4924 .
2158 4867 2366 4926 Cicero
2411 4887 2520 4940 pro
2574 4865 2779 4926 Archia
2812 4905 2830 4931 ‚
2867 4885 2982 4937 cap.
3023 4887 3108 4922 ιο.
3145 4863 3243 4922 Ut

266 4936 483 4996 &iones
500 4977 519 5003 ,
562 4943 669 5015 Nos
692 4933 1169 5004 sumu’Romani,
1206 4940 1307 5012 qui
1334 4937 1551 5007 fuimus
1588 4945 1707 4995 Ru·
1807 4939 1992 4998 versus
2044 4937 2254 5000 constet
2284 4980 2305 5007 ,
2355 4957 2462 5012 pro
2501 4937 2727 5012 fuimus
2776 4936 2894 5008 Iege
2929 4935 3181 5004 favimus
3219 4972 3244 4992 0

268 5010 435 5066 tuli.
485 5005 675 5066 Aliter
712 5009 953 5066 Ruti-2³.
992 5007 1213 5068 Rectius
1249 5009 1457 5066 Rudini
1508 5027 1537 5064 a
1588 5013 1708 5068 Ru·
1808 5009 2095 5072 Prusteus.

267 5080 380 5140 diis.
417 5078 554 5140 urbe
590 5077 895 5147 Calabriae,
932 5097 999 5137 ex
1036 5097 1137 5152 qua
1173 5078 1433 5140 oriundus
1470 5077 1573 5139 fuit
1590 5086 1709 5144 En-

3442 10 3825 22 ——-vv-—=-v-=--—-
3844 12 3859 14 —
3886 12 3911 15 --
3936 12 4001 16 ..„.-
4028 12 4057 15 -v
4118 12 4123 14 -
4142 12 4147 14 -
