4359 6321
1017 470 2569 582 LIBER'PRJMJJS.
3022 531 3139 613 41

273 609 504 680 sterius
549 603 642 674 est
689 597 1096 672 dicendum.
1154 602 1421 670 Laudes
1471 619 1698 672 autem
1741 655 1763 690 ,
1815 604 1888 672 δε
1945 605 2461 695 vituperationes
2530 627 2663 676 non
2718 607 3064 698 separatim
3118 621 3261 708 pla.

271 722 374 782 cet
421 705 741 792 traetari,
795 703 898 778 led
949 703 1021 770 in
1072 703 1223 791 ipsis
1297 702 1985 794 argumentationibus
2041 707 2174 775 effe
2226 708 2581 798 implicitas
2618 755 2637 778 .
2706 715 2907 782 Nunc
2974 713 3055 784 de
3104 737 3265 788 con-

263 808 564 880 clufione
615 808 908 877 dicemus
929 849 950 872 .

365 911 520 978 LII.
573 905 930 978 Conclusio
997 904 1092 975 est
1130 909 1356 974 exitus
1425 911 1496 980 &
1571 909 2035 978 determinatio
2109 907 2315 985 totius
2402 912 2719 982 orationis
2754 961 2771 977 .
2846 915 3007 984 Haec
3056 913 3257 984 habet

261 1029 480 1102 partes
549 1025 676 1079 tres
723 1066 746 1098 ,
811 1009 1384 1080 enumerationem
1423 1063 1444 1096 ‚
1511 1011 2048 1101 indignationem
2085 1061 2108 1096 ,
2194 1013 2735 1102 conquestionem
2789 1059 2807 1079 .
2892 1018 3261 1086 Enumera-

261 1115 355 1181 tio
403 1109 496 1180 est
531 1121 573 1200 -(
606 1124 846 1203 107),
895 1131 1010 1200 per
1061 1131 1269 1201 quam
1321 1131 1455 1179 resx
1496 1109 1776 1201 disperse
1856 1115 1924 1183 δε
2003 1109 2241 1182 diffirse
2312 1111 2495 1183 distae
2540 1167 2564 1200 ,
2634 1135 2852 1184 unum
2902 1116 2975 1184 in
3026 1118 3256 1186 locum

261 1228 594 1304 coguntur
637 1269 656 1304 ,
735 1215 804 1283 δι
861 1211 1324 1280 reminiscendi
1378 1213 1572 1284 causa
1619 1267 1642 1300 ‚
1708 1235 1924 1283 unum
1983 1211 2096 1281 fub
2147 1213 2483 1304 aspestum
2536 1213 2969 1295 subjiciuntur
3000 1263 3015 1278 .
3091 1223 3255 1286 Haec

257 1315 313 1383 si
362 1321 616 1404 semper
665 1315 894 1382 eodem
953 1312 1149 1380 modo
1199 1311 1574 1382 traaabitur
1614 1369 1633 1400 ,
1703 1314 2036 1404 perspicue
2105 1317 2187 1380 ab
2256 1315 2565 1385 omnibns
2634 1315 2911 1384 artificio
2963 1319 3254 1405 quodam

251 1415 528 1485 uastari
581 1417 1027 1505 intelligetur.
1081 1415 1196 1482 Sin
1253 1415 1434 1482 varie
1485 1415 1646 1504 fiet,
1701 1419 1771 1486 δε
1827 1417 2000 1485 hanc
2057 1413 2485 1503 suspicionem
2538 1419 2610 1488 δε
2670 1416 3036 1486 satietatem
3090 1417 3256 1484 vita-

253 1538 336 1584 re
386 1518 660 1605 poterit.
713 1522 942 1602 Qare
991 1533 1138 1586 tum
1187 1513 1498 1604 oportebit
1551 1519 1644 1584 ita
1695 1519 1914 1585 facere
1951 1571 1972 1604 ‚
2041 1533 2118 1583 ut
2167 1516 2465 1605 plerique
2518 1518 2775 1587 faciunt
2842 1533 3103 1608 propter
3152 1519 3253 1586 fa-

252 1617 629 1705 cilitatem,
680 1616 1068 1708 singillatim
1119 1637 1664 1709 unamquamque
1735 1639 1877 1686 rem
1948 1619 2273 1706 attingere
2309 1669 2335 1703 ‚
2406 1620 2479 1687 &
2532 1620 2623 1684 ita
2702 1637 2929 1686 omnes
2978 1619 3251 1690 transire

253 1717 539 1788 breviter
591 1721 1202 1810 argumentationes
1253 1723 1442 1808 (108
1471 1733 1536 1808 ):
1593 1733 1740 1788 tum
1793 1736 2024 1790 autem
2074 1717 2187 1803 id,
2238 1719 2417 1806 quod
2466 1717 2797 1786 difficilius
2846 1715 2941 1784 est
2982 1767 3003 1802 ,
3070 1719 3249 1788 dice-

255 1839 371 1903 re,
421 1840 580 1908 quas
633 1837 850 1911 partes
897 1819 1267 1910 exposueris
1323 1825 1394 1888 in
1448 1821 1796 1909 partitione
1831 1875 1854 1907 ,
1921 1820 2000 1888 de
2070 1816 2311 1908 quibus
2360 1835 2425 1886 te
2494 1819 2833 1906 pollicitus
2904 1818 2989 1886 fis
3034 1819 3249 1889 distu-

256 1939 458 2002 rum,
517 1923 582 1988 &
641 1922 944 1986 reducere
995 1923 1064 1986 in
1116 1921 1514 1988 memoriam
1558 1973 1578 2005 ‚
1647 1919 1886 2010 quibus
1937 1919 2303 1988 rationibus
2372 1939 2917 2009 unamquamque
2988 1934 3245 2010 partem

257 2007 651 2084 confi‘maris
707 2051 725 2090 ς
797 2032 946 2083 tum
999 2017 1078 2080 ab
1123 2020 1204 2081 iis
1233 2067 1262 2098 ,
1324 2020 1437 2104 qui
1490 2020 1762 2086 audiunt
1809 2071 1830 2106 ,
1877 2041 2160 2107 qnaerere
2197 2071 2219 2104 ‚
2266 1998 2426 2108 quid
2480 2020 2557 2088 fit
2586 2071 2617 2106 ,
2684 2021 2861 2110 quod
2914 2017 3026 2088 fibi
3077 2021 3251 2090 velle

253 2115 538 2185 debeant
587 2116 1024 2186 demonstrari
1067 2166 1088 2201 ,
1138 2115 1268 2180 hoc
1335 2115 1533 2180 modo
1567 2140 1588 2178 ·.
1639 2120 2012 2187 Docuimus
2081 2121 2205 2186 hoe
2247 2170 2270 2202 ,
2340 2119 2505 2185 illud
2575 2121 2855 2206 planum
2906 2117 3185 2190 fecimus
3222 2168 3242 2189 .

251 2221 362 2284 Ita
411 2217 612 2286 fimul
672 2220 742 2290 &
799 2220 874 2285 in
931 2215 1326 2284 memoriam
1374 2211 1612 2286 redibit
1665 2215 1966 2302 auditor,
1996 2284 2003 2291 ,
2033 2217 2100 2286 &
2160 2215 2411 2303 putabit
2464 2216 2633 2288 nihil
2685 2219 2803 2285 effe
2858 2237 3165 2306 praeterea
3218 2274 3243 2308 ,

249 2317 440 2410 qnod
490 2317 712 2388 debeat
761 2316 1164 2390 desiderare.

359 2421 584 2510 Atque
635 2423 708 2490 in
757 2417 862 2486 his
909 2414 1262 2508 generibus
1309 2425 1338 2508 (
1380 2430 1455 2484 ut
1506 2433 1666 2485 ante
1717 2417 1976 2486 dietum
2015 2416 2118 2483 est
2161 2425 2189 2504 )
2236 2427 2391 2482 tum
2444 2430 2595 2486 tuas
2646 2422 3253 2506 argumentationes

247 2521 534 2590 tranfire
585 2521 983 2612 separatim,
1025 2537 1184 2586 tum
1237 2515 1354 2604 id,
1401 2517 1576 2607 quod
1629 2515 2035 2588 artificiosius
2086 2513 2178 2585 est
2212 2563 2237 2599 ‚
2283 2535 2447 2584 curn
2494 2517 2629 2584 tuis
2676 2524 3041 2588 contrarias
3088 2544 3251 2590 con-

243 2625 580 2712 jungere3
640 2624 924 2720 &Reum
977 2636 1164 2694 tuam
1219 2622 1862 2707 argumentationem
1905 2617 2148 2686 dixeris
2200 2667 2225 2701 ,
2276 2631 2425 2684 tum
2462 2671 2483 2702 ,
2550 2633 2785 2682 eontra
2856 2637 3013 2686 eam
3060 2621 3247 2710 quod

243 2721 690 2810 afferebatur,
745 2720 1312 2814 quemadmodum
1365 2719 1642 2790 dilueris
1667 2773 1688 2806 ‚
1735 2716 2066 2788 ostendere
2103 2767 2121 2784 .
2174 2721 2279 2785 Ita
2328 2741 2445 2808 per
2492 2716 2767 2786 brevem
2814 2725 3247 2809 comparatio-

241 2845 409 2894 nem
430 2849 460 2910 ,·
505 2823 818 2892 auditoris
865 2823 1190 2892 memoria
1265 2823 1336 2890 &
1393 2821 1472 2892 de
1519 2820 2030 2890 confirmatione
2057 2871 2089 2908 ,
2161 2821 2234 2888 δι
2288 2816 2369 2886 de
2422 2815 2923 2906 reprehensione
2976 2822 3249 2890 redinte-

243 2923 546 3014 grabitur
584 2971 599 2992 .
671 2927 897 3018 Atque
966 2924 1104 2992 haec
1149 2921 1300 2988 ‘aliis
1371 2923 1642 2992 aetionis
1694 2941 1956 3013 quoque
2021 2919 2236 2988 modis
2305 2919 2559 2988 variare
2608 2917 2924 3007 oportebit
2970 2967 2993 2992 .
3060 2926 3245 2992 Nam

241 3047 408 3094 cum
460 3047 542 3094 ex
593 3041 712 3094 tua
761 3025 1034 3118 persona
1104 3043 1496 3094 enumerare
1548 3021 1736 3112 poffis
1773 3074 1795 3110 ,
1844 3039 1920 3092 ut
1959 3075 1983 3108 ,
2034 3019 2193 3112 quid
2237 3068 2260 3106 ‚
2312 3021 2383 3090 δε
2438 3039 2573 3109 quo
2620 3021 2905 3112 quidque
2952 3017 3103 3092 loeo
3150 3023 3245 3092 di·

241 3129 473 3211 xer-is,
525 3127 912 3195 admoneasz
965 3142 1114 3197 tum
1165 3145 1326 3193 vero
1376 3125 1719 3215 personam
1761 3177 1783 3213 ‚
1851 3140 1966 3193 aut
2017 3141 2160 3191 rem
2212 3119 2505 3213 aliquam
2552 3120 2865 3191 inducere
2914 3134 3167 3213 (109)
3220 3178 3243 3213 ‚

249 3230 327 3297 &
387 3228 958 3295 enumerationem
1001 3228 1066 3291 ei
1115 3240 1326 3289 totam
1381 3226 1738 3295 attribuere
1771 3272 1796 3292 .
1847 3222 2219 3293 Personam
2250 3276 2275 3310 ,
2326 3224 2457 3292 hoc
2506 3222 2705 3292 modo
2741 3247 2763 3287 .·
2818 3229 2999 3295 Nam
3049 3227 3097 3295 fi
3152 3227 3246 3294 le-

243 3328 356 3417 gis
411 3324 680 3415 scriptor
731 3322 1005 3409 existat,
1061 3324 1132 3391 &
1185 3340 1432 3410 quaerat
1480 3344 1520 3390 a
1571 3326 1754 3391 vobis
1791 3374 1818 3409 ‚
1864 3322 2026 3412 quid
2072 3322 2379 3390 dubitetis
2418 3349 2437 3409 3
2490 3321 2645 3408 quid
2696 3323 2932 3407 poffitis
2983 3325 3247 3411 dicere,

241 3446 412 3497 cum
465 3426 650 3497 vobis
697 3426 823 3495 hoc
881 3428 952 3496 δε
1023 3422 1154 3491 hoc
1227 3422 1304 3487 fit
1353 3422 1872 3492 demonstratum
1901 3424 1936 3485 9
2011 3423 2241 3505 Atque
2291 3420 2401 3485 hic
2441 3466 2465 3500 ‚
2530 3419 2693 3481 item
2760 3432 2835 3481 ut
2886 3420 2957 3483 iu
3024 3414 3243 3489 nostra

239 3530 520 3621 persona
545 3582 568 3616 ,
623 3524 838 3597 licebit
887 3526 1052 3602 alias
1108 3520 1502 3609 singillatim
1564 3520 1838 3587 transire
1905 3534 2142 3583 omnes
2212 3516 2878 3603 argumentationes;
2950 3515 3111 3586 alias
3164 3518 3247 3588 ad

237 3630 638 3721 partitiones
689 3628 952 3714 singula
1001 3640 1252 3712 genera
1305 3620 1552 3689 referre
1586 3646 1614 3705 ,·
1693 3619 1856 3685 alias
1905 3614 1990 3683 ab
2035 3613 2329 3683 auditore
2363 3664 2385 3699 ,
2452 3613 2611 3703 quid
2659 3612 2961 3683 desideret
2995 3667 3019 3701 ‚
3070 3638 3243 3706 quae.

239 3750 400 3799 rere
435 3752 460 3817 ς
531 3726 696 3795 alias
759 3726 902 3793 hauc
955 3724 1174 3791 facere
1243 3740 1355 3807 per
1405 3716 1964 3805 comparationem
2017 3713 2285 3781 suarum
2306 3764 2327 3799 ,
2382 3715 2456 3785 δε
2512 3714 2997 3786 contrariarum
3046 3736 3250 3807 argu..

443 3828 788 3895 at'onum.
2428 3886 2439 3893 .

239 3842 766 4003 megtesxautem
817 3923 1169 3993 inducetur
1209 3971 1230 4007 ,
1303 3918 1352 3987 fi
1398 3916 1597 3987 alicui
1647 3915 1745 3983 rei
1795 3908 2220 4001 hujusmodi,
2266 3910 2442 4004 legi,
2492 3912 2639 3983 loco
2674 3964 2697 4001 ,
2762 3913 2953 4003 urbi,
3004 3936 3263 3999 memb,

237 4046 478 4101 mento
528 4028 923 4100 attribuetur
975 4024 1186 4093 oratio
1247 4040 1364 4109 per
1432 4016 1998 4091 enumerationem
2037 4064 2061 4103 ‚
2127 4013 2515 4181 hocFmodo
2554 4039 2573 4081 ε
2642 4015 2823 4101 Qid
2858 4017 2887 4083 ἓ
2956 4016 3259 4185 fi¹1ege2.

443 4134 636 4197 Temo
685 4134 742 4199 1.
2730 4188 2739 4197 .
3066 4136 3139 4187 0-

3252 4376 3260 4392 ·

331 4570 530 4637 (107)
579 4568 938 4625 Enumeratio
989 4562 1061 4638 es}
1085 4568 1118 4629 )
1187 4558 1373 4646 Α’νᾰκρ
1413 4554 1694 4627 αλαῖωσιν
1792 4554 2058 4638 zosium,
2081 4550 2526 4638 μινῖρχὶσθώιι,
2558 4547 2617 4632 if!
2632 4548 2743 4618 est,
2772 4550 2999 4635 ἆρ’(ωᾶο
3021 4564 3243 4629 percur‘

239 4640 434 4699 Graeci
486 4656 720 4720 vocant,
767 4638 896 4720 quia
931 4658 1031 4713 per
1071 4634 1269 4695 summa
1305 4583 1570 4719 duantum
1601 4656 1693 4716 re·
1791 4656 1903 4693 rere
1935 4672 1953 4689 .
2005 4632 2217 4691 Eodem
2262 4624 2434 4713 sensu·
2471 4625 2619 4711 dixit
2666 4624 2883 4683 Tullius
2934 4646 3042 4710 pro
3076 4620 3243 4685 Rosc.

239 4728 364 4769 rum
400 4729 577 4785 capita
614 4708 896 4777 decurrrt,
924 4728 988 4767 ut
1025 4707 1186 4767 docet
1221 4708 1558 4779 Qutnttlran.
1594 4704 1690 4765 hb.
1794 4710 1988 4767 Amer.
2020 4721 2241 4778 cap.32..
2273 4696 2379 4757 Sed
2409 4718 2477 4755 m
2508 4712 2692 4781 amoro
2726 4695 2800 4766 est
2834 4698 3041 4757 lemur
3078 4710 3244 4753 eran-

239 4792 454 4906 }hecgp.
510 4804 555 4841 1.
593 4800 714 4855 pag.
766 4800 892 4859 35¹·
941 4780 1034 4839 ubi
1085 4776 1214 4841 vide
1267 4799 1424 4841 notas
1462 4799 1512 4853 ς.
1549 4782 1606 4837 δε
1643 4784 1695 4838 ⁸.
1784 4776 1906 4907 stira:
1932 4768 2437 4905 :ementiatgssmdo
2480 4766 2829 4844 perstrsngere
2859 4780 3249 4839 unamquam-

319 4926 350 4987 (
372 4935 471 4985 108
487 4928 520 4987 )
556 4931 752 4985 Omnes
789 4922 1028 4999 transsre
1055 4923 1297 4983 breviter
1331 4938 1697 4995 argumenta·
1799 4868 1836 4926 q
1867 4924 1900 4985 (
1924 4922 2071 4989 109)
2105 4913 2423 4988 Personam»
2450 4926 2559 4971 ΛΜ
2593 4930 2709 4991 Νφ
2743 4902 3001 4985 ‘Ilium'
3015 4900 3244 4983 ''7⁸3⁸‘st

225 4995 474 5057 'tionen
511 4994 633 5055 Ubi
669 5016 798 5057 nota
832 4996 1121 5073 specialem
1158 4996 1316 5057 verbi
1355 5000 1430 5063 τῦ
1465 4990 1699 5069 transire
1799 4998 1904 5059 re)
1939 4992 2112 5062 quue
2188 5007 2251 5047 er
2284 5002 2403 5045 eam
2435 4980 2827 5049 sentenuttum
2868 4976 3121 5051 fissuffllb
3154 4992 3244 5033 ⁶⁸¹¹

243 5062 644 5137 fignfficatum.
677 5069 862 5133 Grati
896 5068 1150 5137 dicerent
1165 5062 1556 5151 ,Μρχισθ-«ι,
1587 5066 1704 5136 Sn-
1801 5080 2007 5131 nomen
2043 5066 2116 5121 fr
2169 5064 2431 5135 opopoejae·
2462 5052 2657 5120 Idem.
