4359 6321
1282 404 1461 499 228
2013 382 3326 487 DEOR'ATORE

1152 526 1475 593 Simonidi
1530 518 1751 590 dixisse
1790 564 1811 599 ‚
1862 508 1926 578 se
1976 510 2329 584 dimidium
2378 508 2521 586 eius
2573 505 2673 591 ei,
2722 504 2898 597 quod
2949 499 3174 589 pastus
3223 500 3414 583 effet,
3464 519 3577 586 pro
3625 498 3750 568 illo
3797 506 4154 593 carmine,

1161 624 1522 695 daturum:
1576 622 1913 709 reliquum
1970 634 2009 682 a
2064 613 2193 680 suis
2245 603 2656 698 Tyndaridis
2699 657 2720 692 ‚
2769 624 2931 691 quos
2979 622 3156 689 aeque
3208 599 3556 688 laudaffet‚
3624 617 3866 688 peteret
3908 658 3929 691 ,
3981 609 4030 674 si
4081 612 4156 676 ei

1158 724 1492 801 videretur
1535 771 1552 789 .
1624 719 1837 787 Paulo
1890 714 2025 804 post
2075 713 2197 781 effe
2250 704 2470 785 ferunt-
2539 708 2918 774 nuntiatum
2975 699 3357 787 Simonidi,
3421 716 3496 767 ut
3549 701 3887 789 prodiret:
3964 709 4158 784 juve-

1157 847 1278 895 nes
1328 826 1495 895 stare
1550 823 1633 890 ad
1690 822 1959 900 januam
2007 816 2168 881 duos
2217 808 2531 900 quosdam
2571 858 2600 894 2
2660 807 2772 895 qui
2837 825 2992 875 eum
3047 822 3456 891 magnopere
3527 820 3946 893 evocarent3
4011 810 4162 877 suar-

1154 928 1389 999 rexiffe
1438 926 1639 993 illum
1679 974 1699 1007 ,
1768 916 2035 1009 prodisse
2073 968 2093 1003 ,
2164 909 2388 980 vidisse
2444 910 2778 976 neminem
2819 954 2846 981 .,
2911 909 3059 971 Hoc
3114 904 3376 969 interim
3427 899 3628 990 spatio
3693 908 4020 979 conclave
4070 913 4161 980 il-

1151 1027 1271 1101 lud
1322 1081 1343 1115 ‚
1412 1026 1525 1097 ubi
1574 1000 1952 1112 epularetur
2004 1022 2260 1103 Scopas
2301 1060 2324 1095 .,
2394 1007 2796 1077 concidisse:
2865 1025 2942 1075 ea
2990 1002 3180 1071 ruina
3250 1003 3466 1092 ipsum
3535 1006 3913 1094 oppressum
3989 1034 4162 1082 cum

1154 1128 1287 1203 suis
1338 1126 1677 1195 interiisse.
1737 1126 1926 1205 Qos
1978 1138 2137 1183 cum
2187 1114 2467 1179 humare
2519 1108 2762 1181 vellent
2815 1104 2916 1171 sui
2960 1158 2982 1192 ,
3049 1124 3259 1193 neque
3311 1106 3555 1192 possent
3623 1105 3901 1175 obtritos
3951 1112 4163 1180 inter-

1148 1226 1421 1303 noscere
1480 1225 1638 1293 ullo.
1681 1221 1918 1295 modo:
1973 1211 2346 1295 Simonides
2395 1209 2634 1277 dicitur
2701 1229 2781 1273 ex
2835 1228 2919 1273 eo
2987 1206 3163 1296 quod
3218 1205 3612 1272 meminiss'et
3647 1258 3666 1291 ,
3733 1232 3872 1299 quo
3917 1233 4158 1283 eorum

1152 1302 1627 1416 locoquisque
1677 1316 1985 1392 cubuisset
2026 1369 2053 1401 ‚
2122 1309 2594 1381 demonstrator
2665 1305 3186 1398 uniuscujusque
3259 1305 3608 1394 sepeliendi
3681 1307 3869 1379 fuiffe
3907 1360 3922 1379 .
3995 1322 4154 1386 Hac

1152 1446 1305 1505 tum
1355 1448 1425 1494 re
1479 1424 1858 1494 admonitus
1910 1413 2219 1487 inveniffe
2271 1412 2538 1495 fertur²
2580 1407 2879 1477 ordinem
2931 1407 3054 1475 effe
3107 1408 3440 1492 maxime,
3490 1408 3601 1497 qui
3659 1414 3995 1482 memoriae
4049 1418 4157 1485 lu.

1151 1550 1306 1605 men
1362 1524 1627 1596 afferret
1669 1571 1685 1588 .
1756 1523 1987 1605 Itaque
2059 1514 2138 1580 iis
2175 1564 2198 1598 ,
2269 1512 2384 1602 qui
2436 1510 2610 1581 hanc
2663 1526 2912 1598 partem
2967 1511 3216 1596 ingenii
3289 1526 3726 1595 exercerent,
3799 1514 3980 1583 locos
4033 1520 4154 1586 effe

1150 1602 1551 1715 capiendos,
1606 1626 1675 1691 &
1732 1639 1851 1702 ea,
1902 1638 2044 1706 quae
2099 1615 2420 1680 memoria
2470 1628 2691 1679 tenere
2746 1611 3042 1694 vellent,
3093 1608 3462 1697 effingenda
3515 1612 3785 1700 animo,
3837 1630 4038 1706 atque
4077 1623 4150 1687 in

1149 1729 1261 1805 his
1306 1724 1469 1793 locis
1518 1720 1968 1796 collocanda:
2043 1714 2129 1785 sic
2185 1713 2326 1782 fore
2357 1766 2384 1799 ‚
2452 1728 2526 1778 ut
2578 1710 2883 1779 ordinem
2932 1729 3155 1777 rerum
3205 1710 3500 1777 locorum
3565 1711 3731 1779 ordo
3797 1714 4154 1786 conserva-

1149 1843 1301 1915 ret,·
1354 1845 1459 1894 res
1510 1842 1732 1892 autem
1782 1819 1950 1908 ipsas
2005 1836 2237 1885 rerum
2289 1808 2538 1903 effigies
2591 1828 2882 1881 notaret.-
2941 1828 3135 1902 atque
3190 1825 3266 1878 ut
3321 1810 3482 1882 locis
3535 1832 3655 1903 pro
3703 1834 3920 1903 cera,
3953 1819 4154 1887 simu,-

1150 1928 1350 2005 lacris
1404 1947 1521 2015 pro
1576 1925 1779 1993 literis
1828 1936 2204 1989 uteremur.

1254 2029 1688 2105 LXXXVII„
1724 2023 1859 2111 Qi
1936 2019 2015 2093 fit
2080 2034 2306 2085 autem
2375 2017 2638 2085 oratori·
2694 2015 3027 2089 memoriae
3097 2013 3354 2087 fruet-us
3413 2066 3450 2101 ,.
3501 2031 3744 2107 quanta
3815 2018 4074 2086 utilitas
4119 2071 4142 2107 ,

1150 2142 1401 2219 quanta
1456 2126 1559 2194 vis
1583 2178 1621 2212 ,n
1655 2123 1814 2223 quid
1866 2140 1974 2188 me
2031 2121 2270 2186 attinet
2317 2114 2584 2193 dicere?
2639 2132 2861 2186 tenere
2909 2138 3054 2205 quae.
3103 2114 3404 2185 didiceris
3454 2117 3522 2183 in
3574 2117 3938 2204 accipienda
3975 2140 4136 2186 cau·-

1151 2228 1259 2312 sa,
1315 2249 1459 2316 quae
1514 2224 1647 2313 ipse
1697 2221 2058 2311 cogitaris?
2113 2237 2350 2286 omnes
2397 2217 2570 2285 fixas
2637 2219 2760 2286 effe
2826 2218 2898 2284 in
2949 2218 3188 2283 animo·
3223 2214 3646 2287 sententias?
3713 2240 3973 2285 omnem
4023 2220 4137 2287 de«.

1148 2327 1467 2414 scriptum
1522 2326 1878 2393 verborum
1931 2335 2315 2408 apparatum
2346 2322 2381 2382 ‚2
2435 2320 2523 2385 ita
2577 2318 2962 2397 audire,vel
3013 2338 3170 2383 eum
3211 2369 3230 2401 ,
3285 2317 3457 2383 unde
3507 2320 3681 2386 dicas
3734 2334 3922 2412 (54)
3967 2370 3990 2403 ,
4037 2318 4148 2384 vel

1146 2448 1357 2512 eum,
1404 2428 1517 2495 cui
1572 2422 2104 2513 respondendum¹
2154 2418 2287 2504 fit„
2325 2434 2397 2489 ut
2450 2418 2547 2485 illi
2598 2441 2732 2487 non
2785 2417 3130 2485 infundere
3182 2419 3250 2484 in
3302 2436 3496 2486 aures
3553 2436 3708 2491 tuas
3753 2420 4151 2503 orationem,

1150 2528 1262 2603 fed
1336 2526 1408 2593 in
1482 2530 1709 2599 animo
1784 2524 2161 2592 videantur·
2213 2517 2628 2589 inscribere?
2701 2523 2948 2608 Itaque⁶
3001 2517 3183 2605 soli,
3251 2520 3366 2607 qui
3435 2519 3764 2591 memoria
3849 2520 4078 2607 vigent
4134 2571 4155 2605 ‚

1152 2627 1424 2710 sciunt,
1474 2624 1687 2715 quid,
1736 2629 1807 2693 δε
1862 2639 2190 2713 quatenus
2231 2673 2250 2705 ,
2319 2624 2390 2690 ὅ(
2445 2620 2784 2711 quomodo
2851 2618 3083 2691 dicturi
3148 2620 3272 2686 sint
3313 2670 3332 2703 ,
3399 2620 3558 2708 quid
3631 2618 4083 2708 responderint
4133 2672 4154 2705 ,

1162 2725 1328 2817 quid
1386 2724 1707 2811 superfit:
1782 2726 2110 2834 iidemque
2159 2722 2372 2793 multa
2421 2742 2506 2795 ex
2560 2722 2710 2788 aliis
2775 2718 2985 2794 causis
3035 2720 3386 2816 aliquando
3434 2741 3493 2791 a.
3548 2718 3614 2791 se
3663 2719 3810 2789 asta
3850 2772 3873 2808 ‚
3945 2722 4156 2793 multa.

1172 2822 1253 2895 ab
1304 2826 1452 2892 aliis
1506 2826 1724 2892 audita
1774 2827 2259 2921 meminerunt.
3151 2874 3158 2879 .

1259 2930 1491 3007 Quare
1542 2926 1863 2995 confiteor
1912 2922 2221 3013 equidem
2256 2974 2296 3008 ‚,
2347 2920 2546 2998 huius
2595 2920 2747 2991 boni
2803 2938 3112 2990 naturam
3162 2923 3286 2991 effe
3335 2922 3691 3010 principem
3734 2974 3757 3010 ,
3835 2924 4005 2991 siout
4055 2943 4162 2992 ea-

1156 3046 1319 3113 rum
1372 3045 1638 3111 rerum,
1686 3024 1765 3093 de
1814 3023 2072 3115 quibus.
2106 3033 2255 3089 ante
2306 3022 2568 3091 locutus
2619 3021 2832 3109 sum„
2897 3026 3202 3092 ominum
3243 3048 3282 3091 ε.
3332 3022 3441 3089 sed
3497 3024 3631 3091 haec
3703 3044 3810 3091 ars
3879 3040 4018 3092 tota
4063 3022 4162 3092 ‹li-

1163 3124 1352 3210 cendi
1406 3136 1655 3216 (55),
1709 3126 1839 3196 five
1890 3127 2044 3195 artis
2098 3124 2326 3212 imago
2372 3123 3328 3214 quaedam.est&‚s1militud0‚
3375 3123 3969 3208 nataliam-vim,
4018 3145 4164 3192 non

1158 3241 1235 3300 ut
1288 3241 1504 3294 totum
1554 3228 1807 3320 aliquid
1853 3281 1876 3315 ,
1924 3227 2137 3304 cuius,
2170 3227 2240 3292 in
2291 3225 2576 3312 ingeniis
2653 3227 2884 3305 nostris
2958 3249 3104 3316 pars
3159 3225 3354 3294 nulia
3403 3224 3483 3291 fit
3527 3280 3574 3312 ‚,
3621 3228 3828 3314 pariat
3881 3229 3953 3296 &
4009 3247 4159 3314 pro·

1160 3343 1337 3396 creet
1357 3378 1393 3422 ,·
1440 3349 1687 3398 verum
1727 3345 1803 3397 ut
1854 3349 1931 3395 ea
1970 3379 1991 3414 ‚
2063 3349 2206 3417 quae
2258 3324 2406 3394 sunt
2454 3341 2598 3394 orta
2647 3330 2798 3408 iam.
2845 3330 2914 3394 in
2983 3327 3168 3400 nobis.
3216 3329 3287 3396 ὃ(
3343 3345 3680 3416 procreata
3719 3379 3740 3412 ,
3783 3327 4008 3396 educet
4058 3343 4164 3393 at·-

1165 3449 1295 3522 que
1345 3428 1738 3498 confirmet.
1789 3433 2274 3497 Verumtamen
2326 3447 2536 3516 neque
2605 3442 2771 3498 tam·
2814 3428 2951 3498 acri
3001 3429 3321 3498 memoria
3398 3429 3536 3495 fere
3587 3428 3940 3516 quispiam.
3981 3425 4076 3492 est
4123 3475 4151 3510 ,

1166 3543 1243 3596 ut
1300 3551 1439 3595 non
1492 3530 1805 3618 dispositis
1842 3583 1862 3614 ‚
1931 3526 2300 3619 notatisque
2370 3527 2559 3596 rebus
2597 3582 2618 3616 ,
2689 3529 2992 3598 ordinem
3071 3529 3428 3597 verborum
3501 3545 3616 3595 aut
3685 3527 4160 3596 sententiarum

1170 3626 1705 3712 complenatun.
1742 3630 1956 3720 neque
2012 3651 2172 3698 vero
2225 3644 2365 3697 tam
2415 3629 2676 3716 heberi,
2725 3647 2800 3697 ut
2854 3631 3020 3698 nihil
3073 3630 3198 3700 hac
3251 3627 3726 3696 consuetudine
3777 3630 3848 3698 &
3903 3628 4162 3696 exerci-

1173 3727 1421 3796 tatione
1476 3728 1829 3805 adjuvetur
1874 3777 1913 3801 .,
1963 3728 2154 3795 Vidit
2223 3732 2406 3796 enim
2458 3729 2586 3800 hoc
2659 3729 3008 3819 prudenter
3077 3731 3226 3798 five·
3273 3728 3638 3797 Simonides
3685 3783 3706 3816 ,
3779 3728 3922 3798 five.
3989 3729 4178 3796 alius.

1176 3825 1323 3916 quis
1382 3828 1683 3912 invenit,
1747 3849 1827 3893 ea
1880 3827 2176 3902 rna-xime
2251 3829 2492 3900 animis
2547 3841 2690 3919 (a)
2743 3829 2967 3920 effingi
3022 3831 3257 3898 nostris
3296 3881 3318 3914 ‚
3383 3853 3528 3920 quae
3593 3830 3789 3897 essent
3861 3850 3900 3898 a
3975 3829 4166 3903 sensu

1180 3925 1422 3991 tradita
1475 3941 1671 4016 atque
1724 3926 2021 4015 impreffa
2058 3950 2080 3990 .·
2134 3930 2538 3998 acerrimum
2608 3945 2832 3998 autem
2903 3952 2986 3999 ex
3039 3929 3346 4002 omnibus
3399 3930 3634 3998 nostris
3701 3929 4164 4000 sensibus-effe

1183 4021 1449 4098 sensum
1498 4027 1815 4100 videndi:
1887 4047 2089 4117 quare
2144 4027 2462 4101 facillime
2513 4028 2735 4101 animo
2787 4035 2988 4102 teneri
3039 4034 3210 4122 poffe
3259 4051 3333 4104 ea
3369 4082 3392 4119 ,
3461 4053 3607 4122 quae
3675 4036 4164 4126 perciperentur

3949 4151 4064 4200 au·

1254 4461 1419 4528 (54)
1472 4460 1558 4516 Vel
1594 4482 1770 4528 eum,
1838 4461 1981 4520 unde
2031 4463 2171 4522 dicas
2204 4473 2232 4532 )
2289 4467 2630 4540 Inter-pret&
2803 4471 2916 4538 (55
2935 4471 2962 4532 )
3001 4467 3103 4524 Sed
3137 4464 3242 4523 hac
3277 4486 3370 4523 ars
3407 4481 3531 4524 tota
3561 4466 3834 4536 dicendi)
3871 4466 4168 4540 scripserat

1186 4531 1386 4588 volunt
1438 4531 1597 4588 verba
1634 4534 1783 4612 unde
1834 4535 1988 4592 dicas
2025 4533 2359 4607 significare,
2389 4550 2484 4610 pro
2523 4557 2630 4614 quo
2727 4537 2966 4604 Cicero,
3005 4537 3066 4594 ni
3104 4537 3295 4602 fallor,
3331 4535 3609 4608 discendi.
3663 4539 3852 4610 Pergit
3889 4540 4044 4597 enim
4083 4539 4166 4595 lo-

1183 4602 1378 4681 dii-as,-
1420 4599 1515 4658 sed
1552 4603 1789 4682 nullibi,
1828 4624 1888 4662 ut
1922 4606 2129 4677 opinor
2161 4649 2177 4673 ,
2209 4627 2446 4664 occurrit
2483 4607 2626 4679 apud
2729 4610 2818 4680 qui
2857 4607 2924 4664 de
2961 4627 3075 4665 arte
3109 4608 3386 4664 memoriae
3425 4647 3438 4664 .
3495 4604 3549 4667 Si
3585 4628 3762 4666 autem
3799 4627 4069 4676 tantum,
4105 4627 4166 4665 ut

1184 4675 1523 4732 Ciceronem
1576 4675 1668 4735 ista
1722 4676 1929 4734 locutio
1967 4715 1985 4732 .
2040 4677 2188 4734 Malo
2237 4679 2455 4749 quidem
2506 4698 2632 4736 cum
2725 4685 2911 4746 aiunt,
2936 4677 3193 4750 scimus,
3247 4696 3526 4754 quantum
3565 4685 3828 4738 memoria
3883 4699 4166 4738 tenemuss

1189 4741 1317 4801 Mss.
1354 4745 1517 4818 Joan.
1555 4746 1715 4824 Hari.
1759 4767 1802 4826 ι,
1838 4744 2003 4806 Norf.
2044 4751 2184 4818 Mag.
2247 4753 2304 4804 &
2355 4749 2628 4822 excerptis
2725 4750 2858 4822 quid
2895 4751 3092 4807 mirum
3121 4789 3138 4816 ‚
3195 4747 3237 4806 fi
3275 4767 3448 4812 artem
3480 4751 3784 4812 ,memoriae
3837 4753 4047 4816 Cicero
4079 4771 4174 4809 ar-

1188 4815 1344 4872 Nov.
1396 4819 1467 4894 3<-
1508 4833 1619 4872 vet.
1672 4815 1825 4873 libris
1876 4818 2073 4875 Caroli
2126 4818 2391 4891 Stephani
2445 4819 2625 4890 legere
2727 4840 2835 4878 tem
2871 4819 3117 4890 dxscendi
3157 4827 3354 4878 vocet?
3394 4830 3602 4880 Muret.

1185 4887 1334 4965 unde
1369 4885 1581 4966 discas:
1606 4905 1737 4967 ‘quae
1773 4887 1938 4946 lestio
1990 4891 2182 4960 procul
2236 4889 2404 4954 dubio
2454 4891 2624 4952 Cice·
2796 4895 2927 4962 (fl)
2961 4891 3205 4969 Effingi)
3241 4891 3419 4952 Lamb.
3453 4891 3638 4971 affigi,

1188 4975 1405 5020 :oniam
1442 4960 1645 5022 coloris
1679 4958 1789 5018 est.
1825 4959 2030 5020 Idem..
