4359 6321
1292 523 1477 609 424
2101 490 2176 576 0
2296 487 2387 581 R
2507 479 2622 576 A
2733 483 2824 574 Τ
2943 485 3018 571 0
3137 483 3270 573 R·
3835 579 3854 588 ,

1164 614 1289 684 hoc
1341 612 1579 706 affequi
1630 631 1769 682 non
1818 623 2210 701 potueruntz
2263 605 2361 675 ita
2415 603 2576 678 fani
2625 600 2780 671 sunt
2832 619 3102 694 repente
3150 602 3361 673 Attici
3401 649 3422 671 .
3477 597 3688 690 Qafi
3742 623 3908 674 vero
3957 600 4176 677 Trai-

1163 717 1386 784 lianus
1439 726 1527 803 (1
1563 725 1591 802 )
1646 714 1847 787 fuerit
1900 707 2410 780 Demosthenese
2465 707 2664 787 cuius
2713 726 2852 774 non
2901 723 3048 774 tam
3097 706 3432 777 vibrarent
3491 703 3786 774 fulmina
3821 706 3984 797 illa,
4033 709 4168 779 nifi

1164 817 1461 888 numeris
1512 830 1827 884 contorta
1878 813 2249 882 ferrentur.

1268 920 1515 988 LXXI.
1557 916 1695 982 sed
1745 915 1795 984 fi
1844 936 2008 1006 quos
2061 923 2212 1001 (a)
2265 910 2484 1000 magis
2531 908 2858 982 deleaant
2907 908 3162 994 soluta,
3215 908 3576 1000 sequantur
3623 928 3703 977 ea
3755 909 3912 980 sane
3944 965 3964 998 ,
4013 935 4168 983 mo-

1162 1019 1255 1086 do
1304 1017 1390 1086 fic
1416 1069 1437 1103 ,
1488 1036 1563 1084 ut
1622 1015 1669 1083 fi
1718 1016 1871 1106 quis
1923 1013 2166 1084 Phidia:
2215 1013 2538 1100 clypeum
2589 1022 2688 1099 (3
2720 1019 2749 1091 )
2797 1008 3193 1096 dissolverit,
3241 1010 3710 1080 collocationis
3780 1015 4162 1086 universam

1164 1119 1449 1208 speeiem
1504 1115 1831 1192 sustulerit
1870 1168 1892 1203 ,
1962 1139 2097 1184 non
2152 1113 2572 1206 {iugulorum
2623 1131 2904 1200 operum
2955 1109 3410 1180 venustatem:
3461 1129 3534 1184 ut
3585 1112 3658 1180 in
3713 1107 4168 1206 Thucydide,

1164 1220 1391 1290 orbem
1447 1221 1641 1288 modo
1688 1219 2001 1286 orationis
2050 1216 2382 1300 desidero,
2431 1229 2828 1281 ornamenta
2876 1229 3260 1300 comparent
3299 1262 3317 1280 .
3373 1214 3484 1282 Isti
3537 1231 3766 1286 autem
3817 1238 3978 1286 cum
4027 1219 4164 1295 dis-

1170 1322 1448 1393 solvunt
1497 1323 1910 1409 orationem,
1962 1320 2033 1386 in
2084 1338 2216 1406 qua
2265 1336 2388 1383 nec
2443 1335 2591 1401 ιτς,
2638 1335 2761 1382 nec
2817 1314 3092 1383 verbum
3145 1314 3372 1384 ullum
3419 1317 3552 1404 est,
3609 1317 3729 1384 nifi
3784 1317 4162 1398 abjectum:

1166 1445 1303 1492 non
1351 1427 1671 1510 clypeum
1715 1473 1739 1505 ,
1812 1419 1966 1504 sed,
2016 1432 2088 1485 ut
2138 1418 2208 1484 in
2259 1416 2604 1504 proverbio
2657 1415 2747 1483 est
2798 1426 2824 1500 (
2871 1414 2989 1484 etsi
3041 1415 3364 1486 humilius
3415 1417 3674 1488 dietum
3717 1413 3818 1486 est
3857 1474 3880 1507 ,
3923 1437 4162 1490 tamen

1168 1525 1383 1594 fimile
1436 1523 1580 1613 est)
1631 1521 1853 1606 scopas
1906 1529 2033 1606 (ut
2086 1519 2177 1584 ita
2228 1519 2502 1607 dicam)
2555 1517 2724 1585 mihi
2779 1518 3087 1589 videntur
3137 1517 3518 1588 diffolvere:
3576 1535 3774 1609 atque
3812 1571 3834 1606 ,
3884 1539 3962 1588 ut
4013 1523 4158 1611 pla-

1165 1645 1248 1694 ne
1298 1645 1513 1714 genus
1560 1625 1685 1696 hoc
1732 1672 1755 1704 ,
1820 1620 1999 1710 quod
2049 1639 2177 1708 ego
2229 1610 2426 1689 laudo
2461 1624 2504 1713 ,ξ
2549 1619 2994 1708 contempsisse
3045 1617 3395 1690 videantur
3423 1671 3444 1701 ,
3527 1641 3644 1690 aut
3695 1619 3986 1690 scribant
4037 1623 4156 1692 ali-

1165 1725 1319 1816 quid
1377 1725 1483 1790 vel
1528 1721 1863 1788 -lsocrateo
1914 1741 2147 1808 more,
2201 1723 2307 1790 vel
2365 1742 2501 1812 quo
2551 1719 2949 1807 AEschines,
3001 1736 3120 1790 aut
3173 1719 3648 1792 Demosthenes
3701 1724 3966 1793 utitur:.
4007 1742 4158 1794 tum

1167 1827 1326 1894 illos
1376 1820 1764 1892 existimabo
1816 1844 1949 1891 non
2002 1822 2448 1911 desperatione
2502 1822 2940 1890 formidavifl'e
2991 1843 3210 1911 genus
3261 1823 3432 1908 hoc,
3483 1824 3590 1892 sed
3661 1825 3908 1904 iudicio
3971 1827 4156 1894 refu-

1162 1927 1377 2018 gisse.-
1436 1944 1552 1994 aut
1605 1927 1970 2014 reperiam,
2022 1925 2159 2013 ipsa
2209 1923 2440 1994 eadem
2493 1925 2874 1992 conditione
2923 1925 3036 2013 qui
3090 1923 3184 1992 uti
3241 1927 3450 2011 velit,
3499 1941 3572 1994 ut
3625 1943 3737 1994 aut
3773 1928 3987 2014 dicat,
4039 1944 4160 1996 aut

1168 2025 1407 2098 scribat
1460 2045 1612 2098 utra
1684 2027 1865 2094 voles
1918 2027 2153 2116 lingua
2189 2078 2211 2111 ,
2274 2047 2356 2094 eo
2404 2045 2644 2116 genere
2688 2077 2709 2112 ,
2783 2046 2920 2115 quo
2973 2024 3076 2092 illi
3134 2025 3371 2095 volunt
3409 2073 3431 2096 .
3479 2027 3781 2098 Facilius
3827 2028 3923 2099 est
3971 2029 4168 2100 enim

1165 2145 1320 2220 apta
1368 2129 1767 2214 dissolvere,
1814 2148 2019 2218 quam
2070 2126 2360 2216 diffipata
2409 2126 2847 2196 connectere.
3387 2183 3394 2188 .

1270 2236 1403 2300 Res
1454 2248 1677 2312 autem
1728 2227 1794 2298 se
1842 2231 1930 2300 fic
1995 2228 2192 2300 habet
2229 2283 2254 2316 ,
2301 2241 2326 2318 (
2372 2247 2445 2302 ut
2501 2226 2862 2298 breviffime
2910 2226 3126 2296 dicam
3175 2226 3343 2318 qnod
3393 2226 3598 2296 lentio
3637 2240 3662 2317 )
3715 2231 4086 2320 composite
4150 2286 4182 2321 ,

1173 2337 1243 2407 &
1301 2351 1489 2424 apte,
1544 2331 1677 2401 fine
1729 2331 2059 2400 sententiis
2109 2331 2370 2420 dicere,
2419 2328 2672 2399 insania
2719 2327 2849 2398 est:
2905 2327 3289 2399 sententiose
3341 2348 3560 2398 autem
3597 2330 3732 2400 fine
3777 2333 4176 2402 verborum

1170 2438 1241 2506 ὃ(
1316 2435 1543 2504 ordine
1580 2485 1603 2520 ,
1674 2437 1747 2504 δι
1810 2433 2007 2502 modo
2042 2486 2064 2519 ,
2132 2434 2413 2502 infantia
2451 2459 2470 2498 ι
2543 2430 2650 2500 sed
2699 2429 3022 2510 eiusmodi
3076 2449 3304 2500 tamen
3378 2431 3668 2501 infantia
3703 2486 3725 2520 ,
3769 2450 3844 2501 ut
3895 2453 3982 2500 a
4035 2435 4168 2525 qui

1170 2553 1444 2606 utantur
1500 2557 1642 2604 non
1691 2533 1870 2605 stulti
1920 2536 2222 2604 homines
2274 2533 2499 2604 haberi
2549 2531 2822 2623 poffint,
2869 2534 3068 2600 etiam
3121 2535 3520 2623 plerumque
3573 2534 3962 2622 prudentes:
4019 2557 4170 2626 quo

1172 2641 1289 2726 qui
1358 2635 1449 2704 est
1494 2654 1848 2706 contentus
1882 2691 1904 2725 ,
1977 2653 2241 2705 utatur.
2297 2637 2636 2725 Eloquens
2685 2656 2844 2706 vero
2881 2687 2904 2721 ,
2971 2635 3086 2725 qui
3139 2655 3279 2703 non
3349 2633 3845 2723 approbationes
3893 2635 4162 2722 solum,

1168 2737 1277 2806 sed
1344 2737 1807 2810 admirationes
1844 2791 1868 2828 ,
1934 2739 2271 2806 clamores.
2313 2793 2328 2818 ‚
2403 2735 2672 2826 plausus
2713 2789 2736 2822 ,
2807 2737 2851 2804 fi
2923 2735 3120 2804 liceat
3162 2788 3182 2822 ,
3255 2755 3526 2804 movere
3575 2735 3800 2825 debet,
3845 2738 4156 2806 omnibus

1162 2855 1421 2933 oportet
1471 2840 1563 2906 ita
1618 2837 1810 2910 rebus
1860 2839 2155 2932 excellat
2191 2889 2216 2926 ,
2279 2853 2356 2908 ut
2399 2839 2466 2908 ei
2513 2855 2705 2927 turpe
2755 2837 2873 2925 fit,
2921 2837 3287 2928 quidquam
3339 2854 3454 2906 aut
3505 2837 3820 2926 spestari,
3869 2857 3985 2908 aut
4034 2859 4156 2910 au-

1165 2940 1297 3008 diri
1352 2939 1703 3012 libentius.
3389 2994 3400 3004 .

1240 3039 1499 3109 -Habes
1550 3060 1778 3110 meum
1828 3041 1908 3107 de
1958 3053 2258 3126 oratore,
2309 3045 2566 3127 Brute,
2611 3037 2968 3118 iudiciumz
3003 3040 3196 3131 ‚quod
3243 3057 3360 3110 aut
3413 3039 3686 3133 sequere
3725 3095 3749 3130 ,
3821 3041 3870 3111 fi
3921 3044 4156 3133 proba-

1168 3141 1383 3230 vteris3
1436 3160 1551 3213 aut
1601 3162 1719 3213 tuo
1764 3141 1953 3211 stabis
1988 3194 2017 3229 ,
2080 3143 2127 3215 fi
2183 3142 2362 3213 aliud
2413 3140 2748 3234 quoddam
2799 3140 2910 3210 est·
2943 3156 3140 3211 tuum
3181 3192 3198 3211 .
3251 3145 3333 3211 In
3383 3166 3522 3235 quo
3571 3166 3789 3237 neque
3837 3145 4162 3237 pugnabo

1164 3261 1436 3329 tecum,
1488 3264 1703 3335 neque
1750 3245 1884 3313 hoe
1926 3263 2206 3330 meum,
2247 3245 2330 3313 de
2379 3256 2516 3335 quo
2565 3258 2904 3332 tantopere
2956 3245 3312 3314 hoc-libro
3360 3246 3718 3316 affeveravi
3758 3300 3781 3335 ,
3847 3270 4150 3340 unquam

1170 3342 1505 3414 affirmabo
1550 3347 1681 3415 effe
1726 3348 1985 3431 verius,
2034 3365 2240 3437 quam
2292 3364 2532 3421 tuum.
2587 3344 2798 3414 Potest
2846 3347 3032 3413 enim
3083 3368 3222 3415 non
3272 3346 3488 3417 solum
3539 3348 3724 3417 aliud
3775 3350 3939 3420 mihi
3981 3405 4002 3438 ,
4069 3375 4150 3420 ac

1166 3445 1323 3533 tibi,
1360 3442 1472 3515 sed
1508 3448 1675 3515 mibi
1713 3447 1825 3537 ipsi
1864 3447 2047 3519 aliud
2084 3446 2248 3517 alias
2289 3446 2494 3517 videri
2519 3494 2534 3513 .
2562 3450 2730 3517 ·Nee
2761 3448 2829 3516 in
2867 3447 2992 3517 hac
3035 3447 3232 3517 modo
3267 3471 3378 3539 re,
3415 3472 3559 3540 quae
3593 3450 3680 3519 ad
3725 3453 3913 3542 vulgi
3949 3456 4154 3523 aisen-

1167 3546 1319 3617 sum
1340 3545 1582 3640 spestat
1607 3552 1715 3639 ,dc
1744 3549 1825 3617 ad
1842 3550 2109 3635 aurium
2130 3550 2575 3643 voluptatem:
2593 3571 2736 3643 quae
2753 3549 2890 3619 duo
2910 3548 3159 3641 suntad
3180 3549 3618 3629 iudicandum
3637 3552 3956 3629 leviffima
3980 3564 4096 3645 (4)
4121 3578 4148 3621 .-

3937 3656 4052 3729 sed

1162 3852 4116 3933 w

1199 4028 1264 4105 ⁹(
1288 4028 1358 4089 1)
1394 4023 1771 4107 Trallianus)
1808 4029 2348 4113 Trallis-Ptolomaeo
2404 4032 2588 4106 Phry·
2693 4015 2753 4093 ut
2792 4033 2854 4093 in
2885 4032 3216 4107 Thucydide
3249 4076 3270 4103 ,
3307 4033 3390 4093 cui
3428 4050 3630 4108 prater
3665 4034 3943 4094 orationis
3979 4054 4148 4093 com-

1160 4114 1265 4167 gtae
1299 4095 1424 4177 urbs
1451 4138 1470 4164 ‚
1504 4098 1593 4156 ubi
1627 4119 1887 4175 corrupta
1923 4109 1978 4161 ὅ(
2018 4118 2297 4177 inquinata
2361 4106 2535 4163 dictio
2568 4146 2586 4172 ,
2691 4105 3122 4179 prehenfitmem
3157 4112 3214 4165 δε
3250 4106 3512 4167 ambitum
3529 4106 3630 4167 vix
3647 4106 3918 4179 quicqum
3948 4105 4114 4164 deest
4135 4144 4156 4162 .

1160 4167 1227 4226 ab
1274 4171 1593 4239 Atticorum
1641 4170 1909 4243 elegantia
1976 4174 2143 4247 longe
2197 4174 2540 4253 remotissimn
2569 4215 2588 4233 .
2699 4180 2896 4237 adem.

1163 4236 1421 4313 Prustms
1442 4280 1460 4298 .
2128 4316 2139 4327 ·
2305 4312 2311 4319 ,
2453 4314 2460 4321 .
2765 4256 2792 4315 <
2815 4255 2895 4325 3)
2931 4250 3140 4309 Phidia
3175 4250 3419 4325 clypeum
3455 4254 3504 4317 J
3537 4246 3758 4309 Phidiae
3799 4250 3986 4327 clypeo
4031 4254 4153 4308 Μ-

1144 4325 1152 4334 ’
1181 4328 1211 4365 t·
1234 4319 1253 4392 ς
1276 4314 1354 4376 2)
1392 4310 1497 4371 sed
1521 4310 1576 4384 [ι’
1606 4331 1739 4389 quos
1754 4318 1797 4397 >⁸
1818 4315 1996 4390 Hujus
2034 4316 2140 4376 loci
2165 4314 2348 4377 sensus
2383 4317 2589 4400 estqSi
2692 4341 2870 4379 nerva
2909 4318 3134 4403 effigiem
3159 4319 3332 4393 suam
3369 4318 3633 4393 inclusit.-
3669 4340 3785 4399 quae
3817 4318 4143 4393 εωωὶρξ,

1152 4401 1273 4456 quis
1308 4384 1552 4465 prelium·
1580 4425 1599 4452 ‚
1642 4385 1919 4448 concnsum
1948 4432 1967 4458 ‚
2024 4395 2081 4448 δι
2116 4408 2145 4447 a
2185 4410 2432 4450 numeris·
2455 4392 2592 4449 alre·
2697 4410 2822 4451 tora
2859 4396 3024 4468 operi?
3061 4394 3349 4465 colle‘gaetio
3371 4392 3688 4465 solveretur
3722 4432 3746 4450 .·
3795 4394 3986 4456 Valer-
4025 4396 4146 4453 Ma-

1156 4472 1293 4513 num
1330 4454 1555 4513 dicendi
1592 4474 1760 4527 genus
1796 4458 2049 4544 usurpare
2090 4462 2334 4523 voluerit
2374 4488 2393 4521 .-
2434 4460 2590 4545 usprj-
2693 4468 2826 4523 xiim
2868 4466 2961 4525 lib.
3005 4485 3167 4524 νιιι.
3207 4485 3264 4523 ca
3305 4504 3323 4521 .-
3365 4487 3446 4539 ¹4·
3489 4465 3635 4549 Idem
3661 4506 3684 4523 .
4083 4540 4094 4551 ι

1154 4522 1471 4685 ῗξέῑέῗῗὲξ
1496 4532 2334 4682 ηῑὲᾳξὲῗῗξ“τ3ἓ’ἀέἑ”ἰἓὲἓιῦῑιῗέ
2359 4534 2595 4667 ἷὲὲἕὲἒίῗ
2607 4578 2614 4587 “
2679 4543 2896 4683 1⁶05ss
3001 4537 3942 4681 't‘v‘ifgm“f'fis'infi'zssiz''*v¹„²'ffi
3969 4532 4146 4666 “iis-'⁶

1150 4687 1228 4727 ιιι
1249 4710 1265 4727 .
1304 4671 1387 4730 Str
1422 4688 1535 4739 etus
1570 4672 1744 4754 dicho
1780 4672 1975 4755 fimllis
2010 4677 2212 4758 clypeo
2252 4678 2528 4758 Miner-vt
2567 4720 2588 4745 ,
2689 4680 2865 4746 cium,
2897 4680 2990 4761 cui
3027 4698 3208 4762 eumen
3240 4680 3458 4753 probari
3505 4679 3670 4739 debet
3703 4700 3922 4762 orator,
3957 4628 4146 4739 gein-

1153 4760 1313 4814 quem
1376 4738 1596 4822 sculpfit
1632 4742 1853 4829 Phidias
1890 4769 1907 4804 ε
1962 4767 2069 4823 qur
2106 4747 2151 4807 fi
2207 4748 2529 4829 dissolvatur
2555 4790 2574 4817 ‚
2689 4750 2758 4834 de
2801 4751 3059 4832 'udicgum
3095 4770 3300 4811 aurnum
3335 4772 3458 4814 non
3492 4752 3662 4811 modo
3685 4750 4138 4835 ‚superbnffiqun

1153 4812 1385 4893 tolletur
1429 4812 1654 4893 quidem·
1696 4816 1949 4877 universa
1986 4818 2190 4899 species
2239 4818 2423 4892 clypei
2463 4862 2480 4886 ‚
2531 4840 2586 4880 at
2687 4842 2744 4881 ac
2781 4770 3249 4883 flaffldmfiffimum
3285 4824 3362 4883 est
3403 4866 3421 4893 ,
3475 4820 3572 4882 sed
3621 4843 3786 4883 etnam
3839 4821 4138 4885 mcettlffi-

1154 4902 1217 4963 ιιι
1254 4880 1479 4963 (iugulis
1514 4883 1758 4965 partibus
1789 4929 1809 4954 ,
1845 4906 1972 4961 puta
2012 4908 2073 4969 ιιι
2111 4888 2200 4946 sua
2249 4908 2413 4971 qum
2442 4890 2586 4952 Phi-
2687 4912 2867 4954 mum.
2905 4892 3082 4954 Aliud
3115 4896 3236 4953 aliis
3275 4898 3452 4968 placet
3477 4937 3495 4964 ,
3521 4912 3683 4970 atque
3721 4896 3858 4956 hinc
3895 4916 4020 4955 non
4057 4896 4132 4952 le·-

1152 4954 1264 5013 dias
1300 4952 1417 5029 ipse
1454 4952 1735 5015 fabricatus
1768 4958 1845 5017 est
1876 4960 2067 5032 effigie
2108 5000 2126 5025 ‚
2174 4957 2444 5035 supererit
2485 4984 2585 5023 ve·
2688 4984 2784 5025 ves
2821 4968 2971 5025 inter
3021 4965 3376 5051 peritiffimos
3427 4967 3558 5027 artis
3609 4968 3894 5040 mistros
3927 4968 4001 5028 de
4035 4986 4134 5031 nu·

1152 5026 1363 5085 mistas.
1398 5028 1725 5113 'tolerabile
1749 5028 1827 5089 est
1864 5050 1981 5090 non
2016 5029 2279 5091 absolutas
2328 5034 2588 5107 periodos
2688 5038 2850 5099 meris
2887 5056 3145 5101 oratoriis
3179 5038 3610 5103 controversiae.
3649 5043 3805 5101 Idem
3832 5080 3850 5098 .

1154 5096 1425 5159 conficere
1469 5129 1504 5172 ‚·
1533 5100 1591 5171 fii
1626 5102 1829 5178 reliqua
1863 5100 2186 5179 suppetant·
2209 5124 2528 5169 ornamenta
2565 5150 2586 5178 ,
