4359 6321
1250 518 1427 611 m4
1973 483 3292 583 DEoRAroRE

1124 612 1333 685 caesar
1372 664 1393 698 ,
1459 604 1735 677 excellis
1784 628 1803 669 .·
1876 626 2009 695 quo
2076 604 2292 693 magis
2340 602 2760 671 milri-etiam
2811 601 2984 671 testis
3034 602 3157 670 effe
3209 617 3394 692 potes
3432 652 3454 687 ‚
3504 612 3615 671 aut
3668 596 3932 671 nullam
3984 602 4120 677 effe.

1132 731 1341 783 artem
1395 710 1586 795 sali3‚
1636 727 1791 794 aut,
1840 706 1888 774 fi
1940 724 2072 795 qua
2121 705 2257 790 est,
2301 725 2450 772 eam
2504 725 2624 772 nos
2675 721 2745 772 tu
2800 700 3199 792 potiffimum
3250 703 3550 771 docebis,

1228 818 1373 898 Ego
1426 830 1581 877 vero
1616 860 1635 896 ‚
1687 808 1899 899 inquit
1948 806 2162 877 Caesar
2204 857 2225 890 ,
2271 806 2453 893 omni
2503 804 2588 897 de
2637 822 2709 873 re
2761 804 3038 873 facetius
3089 822 3249 892 puto
3304 804 3467 895 poffe
3517 800 3598 870 ab
3649 800 3916 872 homine
3970 827 4124 877 non

1130 912 1453 988 inurbano
1490 965 1509 998 ‚
1580 931 1785 1001 quam
1834 910 1913 976 de
1964 907 2110 997 ipsis
2148 896 2462 993 facetiis,
2513 905 2831 993 disputari
2870 955 2885 972 .
2962 908 3194 993 Itaque
3245 922 3404 973 cum
3457 902 3779 996 quosdam
3835 908 4118 978 Graecos

1130 1018 1471 1105 inscriptos
1542 1012 1737 1080 libros
1803 1010 1928 1078 effe
1978 1008 2268 1077 vidissem
2343 1008 2426 1076 de
2495 1005 2789 1074 ridiculis
2825 1059 2847 1095 ,
2911 1004 3312 1074 nonnullam
3383 1007 3457 1072 in
3513 1004 3689 1103 spem
3734 1028 4126 1098 §tenet-am,

1128 1122 1294 1209 pofl'e
1364 1133 1473 1183 me
1543 1112 1786 1201 aliquid
1838 1132 1925 1178 ex
1974 1110 2105 1179 istis
2173 1108 2419 1177 discere
2459 1154 2474 1172 .
2551 1106 2788 1177 Inveni
2859 1122 3080 1175 autem
3155 1107 3487 1195 ridicula,
3536 1111 3606 1178 &
3670 1106 3835 1175 salsa
3892 1110 4124 1179 multa.

1134 1227 1559 1287 Graecorum:
1612 1234 1772 1279 nam
1822 1215 1896 1282 δι
1954 1212 2159 1279 Siculi
2214 1211 2284 1275 in
2337 1229 2417 1276 eo
2467 1230 2754 1299 genere,
2807 1210 2876 1277 &
2939 1206 3222 1295 Rhodii,
3275 1212 3350 1281 δι
3406 1198 3798 1295 Byzantii‚‘
3831 1212 3899 1280 &
3959 1234 4130 1300 prae-

1132 1338 1233 1389 ter
1284 1330 1606 1399 caeteros]
1673 1314 1880 1381 Attici
1930 1313 2328 1380 excellunt:
2389 1308 2493 1377 sed
2545 1313 2654 1400 qui
2708 1310 2852 1389 ejus
2901 1313 2995 1379 rei
3067 1313 3394 1379 rationem
3467 1312 3814 1401 quandam
3893 1314 4124 1382 conati
4205 1364 4220 1386 ,

1133 1421 1289 1489 sunt
1328 1470 1349 1503 ‚
1413 1435 1757 1504 artemque
1823 1414 2077 1481 tradere
2108 1464 2129 1499 ,
2205 1410 2290 1478 fic
2345 1410 2570 1478 insulsi
2623 1413 3027 1498 extiterunt,
3078 1428 3153 1478 ut
3205 1412 3370 1480 nihil
3425 1410 3610 1481 aliud
3659 1434 3936 1500 eorum,
3987 1414 4122 1485 nifi

1134 1522 1270 1611 ipsa
1324 1516 1647 1585 insulsitas
1684 1526 1719 1600 ,3
1772 1513 2060 1582 rideatur
2097 1560 2112 1578 .
2163 1518 2390 1598 Quare
2461 1514 2623 1580 mihi
2675 1512 2939 1602 quidem
2990 1514 3178 1581 nullo
3231 1512 3490 1581 videtur
3569 1515 3764 1585 modo
3816 1514 4127 1585 doarina

1134 1622 1252 1688 ista
1304 1640 1406 1687 res
1458 1617 1623 1705 poffe
1663 1614 1864 1682 tradi.
1920 1616 2185 1684 Etenim
2233 1636 2394 1684 cum
2445 1614 2577 1682 duo
2626 1635 2872 1703 genera
2922 1613 3518 1703 fint'},facetiarum‚
3573 1616 3865 1685 alterum
3905 1638 4127 1708 aequa-

1138 1720 1347 1787 biliter
1402 1720 1469 1783 in
1518 1714 1701 1783 omni
1757 1714 2051 1785 sermone
2103 1714 2328 1783 fusum
2367 1770 2388 1803 ,
2443 1715 2735 1783 alterum
2791 1733 3184 1806 peracutum
3237 1711 3606 1787 &brevez
3662 1718 3776 1786 illa
3831 1738 3870 1784 a
3928 1737 4126 1787 vete-

1141 1822 1316 1889 ribus
1372 1819 1691 1907 fiiperior,
1744 1819 2124 1904 cavillatio,
2173 1818 2310 1885 haec
2363 1818 2616 1902 altera,
2665 1820 2989 1885 dicacitas
3044 1815 3390 1885 nominata
3443 1814 3570 1883 est.
3641 1822 3816 1887 Leve
3866 1838 4128 1889 nomen

1142 1923 1331 1993 habet
1383 1939 1663 2011 utraque
1712 1940 1857 1987 res:
1916 1922 2153 2010 quippe
2207 1920 2354 1986 leve
2407 1920 2594 1986 enim
2647 1916 2742 1984 est
2795 1934 3014 1985 totum
3069 1917 3494 2003 hoc,risum
3545 1940 3850 1988 movere.

1246 2028 1723 2094 Verumtamen
1779 2032 1805 2108 (
1848 2037 1922 2087 ut
1968 2020 2138 2087 dIcis
2174 2070 2194 2103 ‚
2269 2021 2523 2085 Antoni
2567 2030 2592 2104 )
2664 2019 2958 2087 multum
3009 2020 3080 2087 in
3133 2018 3344 2087 caufis
3397 2014 3669 2111 persaepe
3726 2022 3992 2112 lepore,
4047 2024 4124 2093 &

1144 2125 1395 2190 facetiis
1468 2122 1715 2212 profici,
1765 2118 1956 2185 vidi.
2008 2118 2131 2188 Sed
2185 2139 2343 2185 cum
2396 2121 2463 2184 in
2515 2118 2636 2184 illo
2710 2138 2952 2207 genere
3022 2137 3345 2209 perpetuae
3395 2118 3762 2189 festivitatis
3819 2144 3924 2191 ars
3977 2146 4121 2190 non

1145 2222 1573 2307 desideretur,
1627 2230 1651 2308 (
1698 2235 1934 2286 natura
1985 2221 2169 2287 enim
2222 2217 2420 2315 lingit
2473 2219 2778 2288 homines
2820 2273 2842 2308 ,
2913 2223 2984 2291 ὃ(
3041 2238 3222 2291 creat
3275 2221 3638 2291 imitatores
3697 2226 3767 2293 &
3826 2241 4130 2291 narrato-

1146 2345 1253 2393 res
1302 2324 1547 2391 facetos
1585 2373 1606 2407 ‚
1658 2322 1727 2390 δε
1789 2320 1977 2387 vultu
2032 2320 2437 2407 adjuvante,
2492 2322 2563 2390 δε
2613 2320 2786 2388 'voce
2827 2376 2848 2409 ,
2899 2323 2969 2391 &
3028 2318 3163 2411 ipso
3217 2342 3460 2413 genere
3529 2322 3844 2393 sermonis
3887 2334 3916 2409 )
3963 2340 4130 2391 tum

1152 2446 1313 2493 vero
1366 2426 1430 2490 in
1497 2423 1621 2491 hoc
1678 2419 1887 2488 altero
1935 2421 2295 2490 dicacitatis
2339 2475 2362 2510 ,
2408 2420 2570 2511 quid
2621 2420 2814 2490 habet
2884 2442 2988 2490 ars
3041 2424 3214 2509 loci,
3263 2444 3421 2492 cum
3473 2442 3630 2493 ante
3681 2424 3852 2494 illud
3907 2424 4128 2493 facete

1149 2526 1400 2593 dietum
1450 2522 1746 2591 emiss‘um
1795 2522 2038 2589 haerere
2087 2520 2356 2609 debeat,
2403 2542 2609 2612 quam
2660 2522 2934 2611 cogitari
2976 2524 3245 2612 potuiffe
3295 2524 3652 2593 videatur?
3706 2525 3891 2611 Qud
3943 2517 4129 2595 enim

1150 2626 1260 2694 hic
1310 2644 1497 2693 meus
1551 2622 1747 2690 frater
1803 2620 1889 2689 ab·
1937 2638 2078 2691 arte
2128 2624 2426 2701 adjuvari
2481 2626 2694 2711 potuit
2734 2678 2752 2709 ,
2821 2646 2978 2693 curn
3054 2632 3194 2712 (63
3223 2628 3276 2718 Σ
3324 2647 3363 2694 a
3413 2627 3714 2715 Philippo
3764 2630 4129 2717 interroga-

1154 2741 1305 2811 tuS,
1353 2723 1511 2816 quid
1560 2724 1875 2809 latraret,
1928 2727 2159 2789 Furem
2200 2720 2273 2808 se
2313 2727 2534 2790 videre
2587 2724 2977 2811 respondit?
3034 2727 3216 2807 Quid
3268 2726 3335 2792 in
3376 2730 3558 2794 omni
3595 2728 3900 2795 oratione
3935 2727 4131 2797 Cras-

1158 2826 1307 2913 suS,
1358 2827 1460 2893 vel
1516 2824 1685 2912 apud
1755 2826 2207 2893 centumviros
2260 2840 2490 2893 contra
2542 2824 2905 2893 Scaevolam
2943 2876 2963 2912 ,
3019 2825 3119 2891 vel
3171 2843 3405 2893 contra
3459 2825 3909 2895 accusatorem
3962 2832 4136 2897 Bru-

1159 2945 1305 2997 tum
1344 2980 1365 3013 ,
1404 2942 1587 2993 'cum
1636 2942 1777 3014 pro·
1806 2930 1930 2991 Cn.
1991 2926 2241 2995 Planco
2269 2926 2527 2995 -diceret
2549 2927 2592 2991 ἓ·
2630 2930 2806 2991 Nam
2861 2927 2965 3010 id,
3013 2916 3189 3013 quod
3243 2942 3314 2993 tu
3371 2926 3538 2992 mihi
3573 2924 3861 3013 -tribuis;
3908 2931 4138 2996 Anto-

1096 3080 1100 3085 *
1159 3030 1273 3114 ni,
1322 3027 1547 3095 Crasso
1594 3026 1727 3110 est,
1777 3025 2086 3095 omnium
2140 3028 2502 3113 sententia,
2555 3026 3090 3095 concedendum.
3145 3029 3300 3094 Non
3347 3028 3527 3094 enim
3583 3026 3720 3096 fere
3771 3027 4138 3119 quisquam

1161 3128 1557 3219 reperietur,
1610 3144 1837 3216 praeter
1886 3127 2111 3216 hunc,
2143 3132 2228 3198 -in
2280 3148 2561 3222 utroque
2616 3148 2858 3218 genere
2909 3127 3146 3217 leporis
3196 3128 3574 3217 excellens,
3623 3132 3692 3198 &
3737 3130 3903 3217 illo,
3951 3130 4136 3222 quod

1163 3231 1232 3297 in
1284 3231 1707 3318 perpetuitate
1764 3221 2125 3319 ser'moni's3·
2183 3233 2250 3300 ὃ(
2307 3231 2475 3320 hoc,
2523 3232 2698 3320 quod
2751 3232 2819 3298 in
2873 3229 3244 3316 celeritate,
3301 3248 3496 3323 atque
3545 3229 3722 3308 disto
3770 3231 3897 3299 est·.
3953 3237 4134 3300 Nam

1162 3329 1297 3400 haec
1367 3347 1671 3420 perpetua
1742 3347 1973 3398 contra
2042 3335 2406 3402 Scaevolam
2477 3334 2770 3400 Curiana
2819 3323 3108 3401 defensio
3177 3347 3315 3399 tota
3367 3331 3758 3402 redundavit
3807 3333 4135 3402 hilaritate

1160 3433 1450 3522 quadam
1522 3433 1592 3501 &
1652 3431 1854 3520 ioco;
1906 3430 2080 3502 dista
2134 3435 2251 3502 illa
2327 3437 2551 3504 brevia
2601 3457 2738 3500 non
2799 3431 3024 3501 habuit
3064 3483 3080 3500 .
3151 3431 3469 3502 Parcebat
3535 3435 3712 3501 enim
3766 3431 4135 3500 adversarii

1160 3533 1514 3620 dignitati,
1582 3535 1645 3597 in
1702 3545 1835 3620 quo
1889 3533 2023 3620 ipso
2076 3534 2371 3603 servabat
2443 3533 2668 3622 suam3
2719 3536 2898 3623 quod
2949 3534 3041 3604 est
3088 3533 3464 3604 hominibus
3532 3533 3764 3602 facetis
3815 3535 3888 3602 &
3943 3533 4136 3600 dica-

1162 3631 1345 3698 cibus
1415 3629 1873 3697 difficillimum
1916 3685 1936 3715 ‚
2012 3634 2248 3701 habere
2320 3638 2670 3705 hominum
2723 3638 3047 3704 rationem
3105 3637 3174 3706 ez
3253 3656 3623 3730 temporum
3659 3689 3680 3723 ‚
3736 3637 3803 3703 &
3859 3652 3934 3702 ea
3981 3654 4139 3721 quae

1162 3743 1555 3812 occurrant,
1602 3749 1759 3795 cum
1830 3726 2154 3800 salfiffime
2205 3733 2330 3804 dici
2383 3737 2612 3826 poffint
2653 3791 2672 3823 ‚
2746 3752 3005 3806 tenere.
3065 3741 3299 3827 Itaque
3354 3727 3967 3807 nonnulli'ridiculi
4015 3735 4136 3798 ho-

1162 3832 1373 3896 mines
1442 3826 1568 3892 hoc
1618 3829 1833 3914 ipsum
1886 3852 2019 3900 non
2092 3835 2340 3904 insulse
2409 3844 2926 3926 interpretantur
2968 3887 2983 3904 .
3041 3840 3280 3904 Dicere
3329 3841 3507 3904 enim
3561 3839 3753 3915 ajunt
3803 3836 4136 3920 Ennium,

1156 3929 1493 4010 flammam
1548 3953 1585 3992 a
1624 3927 1913 4016 sapiente
1948 3934 2234 4024 facilius
2289 3962 2388 4004 orc
2442 3949 2511 4008 in
2561 3943 2826 4008 ardente
2880 3945 3192 4032 opprimi,
3247 3945 3442 4027 (64)
3496 3959 3694 4023 quam
3751 3938 3910 4003 bona
3965 3936 4136 4004 dicht

3933 4053 4032 4098 te·

1236 4366 1394 4433 (63)
1432 4369 1491 4420 A
1528 4364 1767 4439 Philippo
1801 4373 2169 4444 interrogatus
2225 4377 2363 4457 qujd
2412 4325 2600 4435 latr‘a-
2771 4383 2928 4459 (64)
2965 4380 3162 4459 Qec-am
3198 4378 3338 4433 bona
3374 4372 3522 4432 dieta
3559 4375 3788 4434 teneat)
3825 4367 4026 4428 Versus
4061 4367 4136 4428 est

1164 4439 1297 4496 ret)
1333 4436 1785 4518 &peculator-eyn
1828 4442 2142 4516 Philippum
2181 4447 2328 4506 futfle
2367 4450 2595 4507 Catulus
2700 4449 3001 4508 trochaicus
3053 4465 3261 4516 integer
3301 4489 3318 4514 ,
3368 4451 3424 4503 &
3463 4440 3907 4502 hemistichium.
3953 4443 4136 4519 Itaque

1167 4521 1417 4568 notavit,
1459 4512 1515 4564 ὅ(
1553 4527 1727 4566 :eram
1766 4508 1970 4570 furem.-
2014 4515 2193 4574 solent
2230 4539 2403 4578 autem
2443 4539 2596 4578 canes
2699 4521 2810 4592 legi
2849 4521 3042 4587 debet,
3079 4541 3115 4575 a
3138 4517 3407 4590 sapienti,
3447 4534 3507 4573 ut
3541 4513 3724 4574 versas
3749 4513 3993 4571 constet.
4031 4515 4138 4591 (3¹1-

1164 4575 1327 4632 noftu
1384 4579 1521 4635 iures
1570 4580 1867 4660 allatrare.
1922 4585 2006 4642 Sic
2058 4589 2203 4645 Cato
2253 4591 2597 4660 privatorum
2701 4609 2847 4648 tatur
2885 4591 3000 4650 haec
3038 4592 3286 4648 Enniana
3343 4587 3614 4645 sententia
3652 4607 3678 4643 a
3716 4583 4038 4655 Symmacho
4080 4603 4139 4639 m

1166 4642 1438 4704 furtorum
1478 4646 1617 4729 sures
1656 4651 1801 4729 dunt
1838 4659 1896 4710 in
1932 4675 2099 4712 nervo
2138 4677 2354 4716 aetatem
2405 4679 2594 4730 agere:
2705 4661 2989 4734 epistolis:
3025 4677 3322 4731 quanquam
3345 4661 3610 4718 Socratica
3649 4677 3828 4730 potius
3865 4655 3982 4719 ests
4019 4675 4140 4714 nam

1163 4713 1304 4774 fures
1338 4719 1613 4790 publicos,
1656 4721 1712 4778 ld
1750 4720 1827 4776 est
1862 4723 2264 4802 depeculatores
2293 4771 2310 4793 ‚
2362 4735 2421 4787 in
2459 4751 2596 4788 auro
2700 4731 2930 4789 Socratis
2987 4731 3206 4788 verbum
3276 4731 3419 4788 istud
3491 4731 3720 4794 refertur
3768 4749 3783 4784 ε
3859 4728 4138 4804 Σωκράτης

1066 4859 1069 4864 -
1161 4804 1333 4862 atque
1368 4802 1621 4870 purpura
1652 4830 1668 4845 .
1730 4793 2073 4872 Cato-etiam
2132 4795 2418 4876 Uticensis
2452 4801 2594 4870 apud
2699 4795 2898 4876 ἔλεγεν
2929 4844 2946 4868 ,
2993 4801 3082 4865 {rc
3137 4801 3277 4878 ροῒον
3327 4801 3391 4867 ἄν
3440 4804 3534 4876 ’τΐς
3569 4801 3835 4897 δἰάπυξθν
3874 4795 4140 4883 ἄνθρακα,

1160 4859 1472 4934 Sallustium
1526 4858 1665 4937 ἧπτες
1716 4878 1888 4918 aerarn
1939 4863 2222 4946 appellat..
2254 4871 2393 4947 'Aut
2440 4889 2589 4930 certe
2693 4873 2791 4936 ἔθη·
2833 4877 2932 4950 τῆς
2966 4866 3232 4952 γλῶτπῖς
3271 4877 3584 4960 κατάσχοι,
3621 4875 3654 4938 ιῗ
3691 4893 3856 4952 My„
3899 4873 4140 4954 aindp'p‘n-

1160 4933 1329 5009 furem
1394 4935 1451 5010 ,ἃ
1516 4927 1865 5011 ΓΡΟῙῙῊΟΓΕῘἩ
1937 4937 2360 5014 provincialium
2397 4962 2412 4995 ²
2475 4961 2590 5024 ¹3⁰.st
2694 4970 2821 5013 ror,
2863 4951 2918 5005 id
2957 4951 3033 5008 est
3069 4992 3084 5016 ‚
3111 4961 3354 5009 Socrates
3393 4951 3643 5020 decebat,
3685 4953 3929 5024 facilius
3971 4954 4140 5008 homi-

1157 5017 1305 5056 emm
1346 4997 1437 5058 hic
1472 4999 1711 5060 censeam
1744 5001 1847 5062 alis
1882 5002 2147 5080 Philippo
2201 5007 2338 5068 furta
2391 5011 2587 5082 οἰήια.
2691 5039 2787 5076 nes
2823 5022 3118 5078 ardentem
3155 5023 3444 5096 carbonem
3482 5029 3541 5078 in
3582 5026 3786 5096 lingua
3805 5040 4141 5086 retenturos,

1160 5072 1477 5132 Turnebm·
2689 5111 2863 5168 quam
2902 5091 3052 5170 qnod
3085 5114 3294 5154 arcano
3333 5093 3664 5168 commtffiem
3691 5097 3770 5171 fit
3793 5137 3808 5153 ·
3847 5098 3934 5224 Os}
3969 5111 4136 5152 autem

3915 5190 3934 5225 ι
3971 5185 4063 5223 εικ-
