<?xml version="1.0" encoding="UTF-8"?>
<!DOCTYPE html PUBLIC "-//W3C//DTD XHTML 1.0 Transitional//EN"
    "http://www.w3.org/TR/xhtml1/DTD/xhtml1-transitional.dtd">
<html xmlns="http://www.w3.org/1999/xhtml" xml:lang="en" lang="en">
 <head>
  <title>
</title>
<meta http-equiv="Content-Type" content="text/html;charset=utf-8" />
  <meta name='ocr-system' content='tesseract 3.04.00' />
  <meta name='ocr-capabilities' content='ocr_page ocr_carea ocr_par ocr_line ocrx_word'/>
</head>
<body>
  <div class='ocr_page' id='page_1' title='image "./operacumdelectu00dgoog_0212.png"; bbox 0 0 4359 6321; ppageno 0'>
   <div class='ocr_carea' id='block_1_1' title="bbox 1270 446 3326 584">
    <p class='ocr_par' dir='ltr' id='par_1_1' title="bbox 1270 446 3326 584">
     <span class='ocr_line' id='line_1_1' title="bbox 1270 446 3326 584; baseline -0.012 -23"><span class='ocrx_word' id='word_1_1' title='bbox 1270 492 1459 584; x_wconf 85' lang='lat'>190</span> <span class='ocrx_word' id='word_1_2' title='bbox 1935 446 3326 545; x_wconf 74' lang='lat' dir='ltr'><em>·DEOR·ATQRE</em></span> 
     </span>
    </p>
   </div>
   <div class='ocr_carea' id='block_1_2' title="bbox 1111 562 4145 1267">
    <p class='ocr_par' dir='ltr' id='par_1_2' title="bbox 1111 562 4145 1267">
     <span class='ocr_line' id='line_1_2' title="bbox 1138 562 4140 663; baseline -0.003 -9"><span class='ocrx_word' id='word_1_3' title='bbox 1138 601 1211 653; x_wconf 91' lang='lat' dir='ltr'>ut</span> <span class='ocrx_word' id='word_1_4' title='bbox 1262 588 1549 654; x_wconf 82' lang='lat' dir='ltr'>dicerem</span> <span class='ocrx_word' id='word_1_5' title='bbox 1593 630 1613 663; x_wconf 89' lang='lat'>‚</span> <span class='ocrx_word' id='word_1_6' title='bbox 1681 574 1797 645; x_wconf 84' lang='lat' dir='ltr'>etfi</span> <span class='ocrx_word' id='word_1_7' title='bbox 1866 594 2099 643; x_wconf 85' lang='lat' dir='ltr'>omnes</span> <span class='ocrx_word' id='word_1_8' title='bbox 2151 568 2437 647; x_wconf 77' lang='lat' dir='ltr'>molestae</span> <span class='ocrx_word' id='word_1_9' title='bbox 2509 570 2764 657; x_wconf 82' lang='lat' dir='ltr'>semper</span> <span class='ocrx_word' id='word_1_10' title='bbox 2839 566 3185 635; x_wconf 84' lang='lat' dir='ltr'>seditiones</span> <span class='ocrx_word' id='word_1_11' title='bbox 3235 562 3492 633; x_wconf 82' lang='lat' dir='ltr'>fuiffent</span> <span class='ocrx_word' id='word_1_12' title='bbox 3531 615 3554 653; x_wconf 89' lang='lat'>,</span> <span class='ocrx_word' id='word_1_13' title='bbox 3641 565 3844 645; x_wconf 75' lang='lat' dir='ltr'>iustas</span> <span class='ocrx_word' id='word_1_14' title='bbox 3905 584 4140 645; x_wconf 79' lang='lat' dir='ltr'>tamen</span> 
     </span>
     <span class='ocr_line' id='line_1_3' title="bbox 1145 662 4145 765; baseline -0.006 -11"><span class='ocrx_word' id='word_1_15' title='bbox 1145 688 1331 755; x_wconf 78' lang='lat' dir='ltr'>fuiffe</span> <span class='ocrx_word' id='word_1_16' title='bbox 1384 678 1741 751; x_wconf 86' lang='lat' dir='ltr'>nonnullas</span> <span class='ocrx_word' id='word_1_17' title='bbox 1794 678 1873 749; x_wconf 84' lang='lat'>&amp;.</span> <span class='ocrx_word' id='word_1_18' title='bbox 1922 694 2131 765; x_wconf 82' lang='lat' dir='ltr'>prope</span> <span class='ocrx_word' id='word_1_19' title='bbox 2174 673 2600 746; x_wconf 80' lang='lat' dir='ltr'>neceffarias.</span> <span class='ocrx_word' id='word_1_20' title='bbox 2669 670 2856 737; x_wconf 83' lang='lat' dir='ltr'>‘rum</span> <span class='ocrx_word' id='word_1_21' title='bbox 2911 666 3097 752; x_wconf 43' lang='lat' dir='ltr'>illac,</span> <span class='ocrx_word' id='word_1_22' title='bbox 3161 690 3301 757; x_wconf 84' lang='lat' dir='ltr'>quae</span> <span class='ocrx_word' id='word_1_23' title='bbox 3368 662 3568 737; x_wconf 85' lang='lat' dir='ltr'>modo</span> <span class='ocrx_word' id='word_1_24' title='bbox 3613 670 3876 741; x_wconf 79' lang='lat' dir='ltr'>Graffus</span> <span class='ocrx_word' id='word_1_25' title='bbox 3945 696 4145 747; x_wconf 84' lang='lat' dir='ltr'>eom-</span> 
     </span>
     <span class='ocr_line' id='line_1_4' title="bbox 1144 768 4140 869; baseline -0.005 -13"><span class='ocrx_word' id='word_1_26' title='bbox 1144 780 1602 867; x_wconf 83' lang='lat' dir='ltr'>memorabat,</span> <span class='ocrx_word' id='word_1_27' title='bbox 1652 778 1813 869; x_wconf 79' lang='lat' dir='ltr'>egi·</span> <span class='ocrx_word' id='word_1_28' title='bbox 1850 797 2069 867; x_wconf 78' lang='lat' dir='ltr'>neque.</span> <span class='ocrx_word' id='word_1_29' title='bbox 2114 794 2302 863; x_wconf 82' lang='lat' dir='ltr'>reges</span> <span class='ocrx_word' id='word_1_30' title='bbox 2351 794 2438 841; x_wconf 82' lang='lat' dir='ltr'>ex</span> <span class='ocrx_word' id='word_1_31' title='bbox 2487 771 2621 841; x_wconf 88' lang='lat' dir='ltr'>hac</span> <span class='ocrx_word' id='word_1_32' title='bbox 2663 770 2930 843; x_wconf 78' lang='lat' dir='ltr'>civitate</span> <span class='ocrx_word' id='word_1_33' title='bbox 2985 768 3230 856; x_wconf 80' lang='lat' dir='ltr'>exigi,</span> <span class='ocrx_word' id='word_1_34' title='bbox 3293 789 3508 859; x_wconf 86' lang='lat' dir='ltr'>neque</span> <span class='ocrx_word' id='word_1_35' title='bbox 3573 768 3873 842; x_wconf 78' lang='lat' dir='ltr'>tribunos</span> <span class='ocrx_word' id='word_1_36' title='bbox 3925 777 4140 865; x_wconf 81' lang='lat' dir='ltr'>plebis</span> 
     </span>
     <span class='ocr_line' id='line_1_5' title="bbox 1111 870 4138 973; baseline -0.002 -30"><span class='ocrx_word' id='word_1_37' title='bbox 1111 888 1407 972; x_wconf 78' lang='lat' dir='ltr'>‚creari,</span> <span class='ocrx_word' id='word_1_38' title='bbox 1455 902 1671 973; x_wconf 82' lang='lat' dir='ltr'>neque</span> <span class='ocrx_word' id='word_1_39' title='bbox 1721 875 2073 969; x_wconf 78' lang='lat' dir='ltr'>plebiscitis</span> <span class='ocrx_word' id='word_1_40' title='bbox 2120 875 2310 944; x_wconf 84' lang='lat' dir='ltr'>toties</span> <span class='ocrx_word' id='word_1_41' title='bbox 2375 872 2800 942; x_wconf 82' lang='lat' dir='ltr'>consularem</span> <span class='ocrx_word' id='word_1_42' title='bbox 2851 870 3237 958; x_wconf 83' lang='lat' dir='ltr'>potestatem</span> <span class='ocrx_word' id='word_1_43' title='bbox 3283 871 3561 958; x_wconf 87' lang='lat' dir='ltr'>minui,</span> <span class='ocrx_word' id='word_1_44' title='bbox 3627 891 3844 963; x_wconf 88' lang='lat' dir='ltr'>neque</span> <span class='ocrx_word' id='word_1_45' title='bbox 3892 899 4138 967; x_wconf 74' lang='lat' dir='ltr'>provo,</span> 
     </span>
     <span class='ocr_line' id='line_1_6' title="bbox 1140 968 4134 1072; baseline -0.005 -17"><span class='ocrx_word' id='word_1_46' title='bbox 1140 990 1517 1070; x_wconf 81' lang='lat' dir='ltr'>cationem,</span> <span class='ocrx_word' id='word_1_47' title='bbox 1564 996 1914 1072; x_wconf 85' lang='lat' dir='ltr'>patronam</span> <span class='ocrx_word' id='word_1_48' title='bbox 1968 976 2172 1045; x_wconf 85' lang='lat' dir='ltr'>illam</span> <span class='ocrx_word' id='word_1_49' title='bbox 2238 975 2592 1059; x_wconf 81' lang='lat' dir='ltr'>civitatis,</span> <span class='ocrx_word' id='word_1_50' title='bbox 2641 992 2718 1041; x_wconf 87' lang='lat' dir='ltr'>ae</span> <span class='ocrx_word' id='word_1_51' title='bbox 2771 971 3108 1039; x_wconf 84' lang='lat' dir='ltr'>vindicem</span> <span class='ocrx_word' id='word_1_52' title='bbox 3161 968 3479 1039; x_wconf 75' lang='lat' dir='ltr'>libertatis</span> <span class='ocrx_word' id='word_1_53' title='bbox 3513 1026 3532 1060; x_wconf 90' lang='lat'>,</span> <span class='ocrx_word' id='word_1_54' title='bbox 3584 975 3832 1063; x_wconf 83' lang='lat' dir='ltr'>populo</span> <span class='ocrx_word' id='word_1_55' title='bbox 3885 984 4134 1053; x_wconf 64' lang='lat' dir='ltr'>Roma.</span> 
     </span>
     <span class='ocr_line' id='line_1_7' title="bbox 1142 1072 4136 1163; baseline -0.002 -8"><span class='ocrx_word' id='word_1_56' title='bbox 1142 1112 1233 1157; x_wconf 88' lang='lat' dir='ltr'>no</span> <span class='ocrx_word' id='word_1_57' title='bbox 1280 1088 1427 1158; x_wconf 84' lang='lat' dir='ltr'>dari</span> <span class='ocrx_word' id='word_1_58' title='bbox 1480 1084 1613 1153; x_wconf 84' lang='lat' dir='ltr'>fine</span> <span class='ocrx_word' id='word_1_59' title='bbox 1665 1078 1989 1151; x_wconf 85' lang='lat' dir='ltr'>nobilium</span> <span class='ocrx_word' id='word_1_60' title='bbox 2036 1074 2412 1149; x_wconf 73' lang='lat' dir='ltr'>dissensione</span> <span class='ocrx_word' id='word_1_61' title='bbox 2461 1077 2766 1163; x_wconf 80' lang='lat' dir='ltr'>potuifle·</span> <span class='ocrx_word' id='word_1_62' title='bbox 2813 1094 2893 1139; x_wconf 84' lang='lat' dir='ltr'>ac</span> <span class='ocrx_word' id='word_1_63' title='bbox 2928 1124 2949 1156; x_wconf 92' lang='lat'>‚</span> <span class='ocrx_word' id='word_1_64' title='bbox 3020 1072 3067 1139; x_wconf 81' lang='lat' dir='ltr'><strong>fi</strong></span> <span class='ocrx_word' id='word_1_65' title='bbox 3120 1072 3251 1139; x_wconf 71' lang='lat' dir='ltr'>illae</span> <span class='ocrx_word' id='word_1_66' title='bbox 3301 1072 3654 1143; x_wconf 67' lang='lat' dir='ltr'>seditiones</span> <span class='ocrx_word' id='word_1_67' title='bbox 3722 1074 3916 1147; x_wconf 80' lang='lat' dir='ltr'>saluti</span> <span class='ocrx_word' id='word_1_68' title='bbox 3969 1083 4136 1153; x_wconf 81' lang='lat' dir='ltr'>huic</span> 
     </span>
     <span class='ocr_line' id='line_1_8' title="bbox 1138 1173 4130 1267; baseline -0.005 -10"><span class='ocrx_word' id='word_1_69' title='bbox 1138 1190 1392 1257; x_wconf 75' lang='lat' dir='ltr'>civitati</span> <span class='ocrx_word' id='word_1_70' title='bbox 1442 1184 1766 1266; x_wconf 82' lang='lat' dir='ltr'>fuiffent,</span> <span class='ocrx_word' id='word_1_71' title='bbox 1840 1201 1981 1251; x_wconf 83' lang='lat' dir='ltr'>non</span> <span class='ocrx_word' id='word_1_72' title='bbox 2034 1179 2412 1261; x_wconf 81' lang='lat' dir='ltr'>continue,</span> <span class='ocrx_word' id='word_1_73' title='bbox 2489 1177 2534 1243; x_wconf 82' lang='lat' dir='ltr'><strong>fi</strong></span> <span class='ocrx_word' id='word_1_74' title='bbox 2588 1177 2736 1266; x_wconf 80' lang='lat' dir='ltr'>quis</span> <span class='ocrx_word' id='word_1_75' title='bbox 2803 1192 3026 1243; x_wconf 73' lang='lat' dir='ltr'>motus</span> <span class='ocrx_word' id='word_1_76' title='bbox 3092 1174 3316 1261; x_wconf 87' lang='lat' dir='ltr'>populi</span> <span class='ocrx_word' id='word_1_77' title='bbox 3386 1173 3603 1244; x_wconf 70' lang='lat' dir='ltr'>fastus</span> <span class='ocrx_word' id='word_1_78' title='bbox 3647 1178 3804 1247; x_wconf 79' lang='lat' dir='ltr'>effer</span> <span class='ocrx_word' id='word_1_79' title='bbox 3839 1232 3865 1267; x_wconf 89' lang='lat'>,</span> <span class='ocrx_word' id='word_1_80' title='bbox 3937 1182 4014 1251; x_wconf 80' lang='lat' dir='ltr'>id</span> <span class='ocrx_word' id='word_1_81' title='bbox 4049 1188 4130 1252; x_wconf 81' lang='lat' dir='ltr'>c,</span> 
     </span>
    </p>
   </div>
   <div class='ocr_carea' id='block_1_3' title="bbox 1137 1276 4232 1373">
    <p class='ocr_par' dir='ltr' id='par_1_3' title="bbox 1137 1276 4232 1373">
     <span class='ocr_line' id='line_1_9' title="bbox 1137 1276 4232 1373; baseline -0.001 -16"><span class='ocrx_word' id='word_1_82' title='bbox 1137 1286 1451 1357; x_wconf 88' lang='lat' dir='ltr'>Norbano</span> <span class='ocrx_word' id='word_1_83' title='bbox 1500 1287 1570 1352; x_wconf 90' lang='lat' dir='ltr'>in</span> <span class='ocrx_word' id='word_1_84' title='bbox 1622 1282 1884 1351; x_wconf 85' lang='lat' dir='ltr'>nefario</span> <span class='ocrx_word' id='word_1_85' title='bbox 1931 1279 2264 1363; x_wconf 81' lang='lat' dir='ltr'>crimine,</span> <span class='ocrx_word' id='word_1_86' title='bbox 2306 1294 2504 1366; x_wconf 82' lang='lat' dir='ltr'>atque</span> <span class='ocrx_word' id='word_1_87' title='bbox 2550 1278 2620 1343; x_wconf 88' lang='lat' dir='ltr'>in</span> <span class='ocrx_word' id='word_1_88' title='bbox 2675 1276 2904 1343; x_wconf 75' lang='lat' dir='ltr'>fraude</span> <span class='ocrx_word' id='word_1_89' title='bbox 2952 1277 3226 1366; x_wconf 86' lang='lat' dir='ltr'>capitali</span> <span class='ocrx_word' id='word_1_90' title='bbox 3273 1276 3394 1346; x_wconf 76' lang='lat' dir='ltr'>effe</span> <span class='ocrx_word' id='word_1_91' title='bbox 3447 1279 3872 1367; x_wconf 74' lang='lat' dir='ltr'>ponendum.</span> <span class='ocrx_word' id='word_1_92' title='bbox 3927 1287 4130 1373; x_wconf 82' lang='lat' dir='ltr'>Qod</span> <span class='ocrx_word' id='word_1_93' title='bbox 4227 1354 4232 1359; x_wconf 78' lang='grc'>,</span> 
     </span>
    </p>
   </div>
   <div class='ocr_carea' id='block_1_4' title="bbox 1134 1372 4139 2175">
    <p class='ocr_par' dir='ltr' id='par_1_4' title="bbox 1134 1372 4139 2079">
     <span class='ocr_line' id='line_1_10' title="bbox 1138 1372 4134 1477; baseline -0.002 -18"><span class='ocrx_word' id='word_1_94' title='bbox 1138 1392 1185 1459; x_wconf 84' lang='lat' dir='ltr'>fi</span> <span class='ocrx_word' id='word_1_95' title='bbox 1238 1407 1537 1477; x_wconf 85' lang='lat' dir='ltr'>unquam</span> <span class='ocrx_word' id='word_1_96' title='bbox 1592 1384 1833 1473; x_wconf 87' lang='lat' dir='ltr'>populo</span> <span class='ocrx_word' id='word_1_97' title='bbox 1906 1387 2222 1450; x_wconf 87' lang='lat' dir='ltr'>Romano</span> <span class='ocrx_word' id='word_1_98' title='bbox 2266 1378 2639 1449; x_wconf 73' lang='lat' dir='ltr'>concessum</span> <span class='ocrx_word' id='word_1_99' title='bbox 2687 1378 2836 1445; x_wconf 82' lang='lat' dir='ltr'>effet</span> <span class='ocrx_word' id='word_1_100' title='bbox 2875 1430 2896 1461; x_wconf 87' lang='lat'>,</span> <span class='ocrx_word' id='word_1_101' title='bbox 2965 1392 3042 1445; x_wconf 95' lang='grc' dir='ltr'>ιιι</span> <span class='ocrx_word' id='word_1_102' title='bbox 3097 1372 3252 1455; x_wconf 78' lang='lat' dir='ltr'>jure</span> <span class='ocrx_word' id='word_1_103' title='bbox 3289 1382 3664 1449; x_wconf 82' lang='lat' dir='ltr'>concitatus</span> <span class='ocrx_word' id='word_1_104' title='bbox 3730 1380 4134 1475; x_wconf 80' lang='lat' dir='ltr'>videretur,</span> 
     </span>
     <span class='ocr_line' id='line_1_11' title="bbox 1138 1478 4134 1579; baseline 0 -22"><span class='ocrx_word' id='word_1_105' title='bbox 1138 1492 1204 1557; x_wconf 84' lang='lat' dir='ltr'>id</span> <span class='ocrx_word' id='word_1_106' title='bbox 1260 1488 1437 1579; x_wconf 87' lang='lat' dir='ltr'>quod</span> <span class='ocrx_word' id='word_1_107' title='bbox 1493 1483 1811 1553; x_wconf 84' lang='lat' dir='ltr'>docebam</span> <span class='ocrx_word' id='word_1_108' title='bbox 1863 1479 2023 1569; x_wconf 77' lang='lat' dir='ltr'>soepe</span> <span class='ocrx_word' id='word_1_109' title='bbox 2070 1480 2200 1549; x_wconf 81' lang='lat' dir='ltr'>effe</span> <span class='ocrx_word' id='word_1_110' title='bbox 2264 1482 2704 1565; x_wconf 27' lang='lat' dir='ltr'>conceflQum</span> <span class='ocrx_word' id='word_1_111' title='bbox 2765 1478 3032 1546; x_wconf 87' lang='lat' dir='ltr'>nullam</span> <span class='ocrx_word' id='word_1_112' title='bbox 3083 1479 3198 1547; x_wconf 78' lang='lat' dir='ltr'>illa&#39;</span> <span class='ocrx_word' id='word_1_113' title='bbox 3251 1481 3518 1551; x_wconf 72' lang='lat' dir='ltr'>caulam</span> <span class='ocrx_word' id='word_1_114' title='bbox 3587 1480 3923 1561; x_wconf 74' lang='lat' dir='ltr'>iustiorem</span> <span class='ocrx_word' id='word_1_115' title='bbox 3975 1486 4134 1556; x_wconf 73' lang='lat' dir='ltr'>fuis-</span> 
     </span>
     <span class='ocr_line' id='line_1_12' title="bbox 1136 1582 4134 1678; baseline 0.002 -26"><span class='ocrx_word' id='word_1_116' title='bbox 1136 1590 1249 1657; x_wconf 79' lang='lat' dir='ltr'>se.</span> <span class='ocrx_word' id='word_1_117' title='bbox 1301 1592 1495 1659; x_wconf 80' lang='lat' dir='ltr'>Tum</span> <span class='ocrx_word' id='word_1_118' title='bbox 1540 1606 1813 1652; x_wconf 88' lang='lat' dir='ltr'>omnem</span> <span class='ocrx_word' id='word_1_119' title='bbox 1880 1584 2206 1655; x_wconf 86' lang='lat' dir='ltr'>rationem</span> <span class='ocrx_word' id='word_1_120' title='bbox 2273 1582 2542 1651; x_wconf 78' lang='lat' dir='ltr'>traduxi</span> <span class='ocrx_word' id='word_1_121' title='bbox 2609 1586 2680 1653; x_wconf 75' lang='grc' dir='ltr'>δε</span> <span class='ocrx_word' id='word_1_122' title='bbox 2755 1582 3062 1649; x_wconf 78' lang='lat' dir='ltr'>converti</span> <span class='ocrx_word' id='word_1_123' title='bbox 3132 1584 3201 1649; x_wconf 81' lang='lat' dir='ltr'>in</span> <span class='ocrx_word' id='word_1_124' title='bbox 3273 1583 3740 1673; x_wconf 80' lang='lat' dir='ltr'>increpandam</span> <span class='ocrx_word' id='word_1_125' title='bbox 3809 1590 4134 1678; x_wconf 66' lang='lat' dir='ltr'>Caepionis</span> 
     </span>
     <span class='ocr_line' id='line_1_13' title="bbox 1138 1683 4138 1779; baseline -0 -20"><span class='ocrx_word' id='word_1_126' title='bbox 1138 1691 1429 1779; x_wconf 81' lang='lat' dir='ltr'>fugam,</span> <span class='ocrx_word' id='word_1_127' title='bbox 1472 1688 1547 1755; x_wconf 89' lang='lat' dir='ltr'>in</span> <span class='ocrx_word' id='word_1_128' title='bbox 1594 1683 2082 1774; x_wconf 82' lang='lat' dir='ltr'>deplorandum</span> <span class='ocrx_word' id='word_1_129' title='bbox 2150 1685 2490 1753; x_wconf 89' lang='lat' dir='ltr'>interitum</span> <span class='ocrx_word' id='word_1_130' title='bbox 2555 1685 2944 1755; x_wconf 77' lang='lat' dir='ltr'>exercitus.</span> <span class='ocrx_word' id='word_1_131' title='bbox 3014 1683 3118 1750; x_wconf 89' lang='lat' dir='ltr'>Sic</span> <span class='ocrx_word' id='word_1_132' title='bbox 3193 1685 3261 1751; x_wconf 79' lang='grc' dir='ltr'>δι</span> <span class='ocrx_word' id='word_1_133' title='bbox 3319 1704 3552 1753; x_wconf 87' lang='lat' dir='ltr'>eorum</span> <span class='ocrx_word' id='word_1_134' title='bbox 3603 1686 3898 1755; x_wconf 88' lang='lat' dir='ltr'>dolorem</span> <span class='ocrx_word' id='word_1_135' title='bbox 3943 1742 3962 1777; x_wconf 89' lang='lat'>,</span> <span class='ocrx_word' id='word_1_136' title='bbox 4015 1694 4138 1779; x_wconf 84' lang='lat' dir='ltr'>qui</span> 
     </span>
     <span class='ocr_line' id='line_1_14' title="bbox 1137 1784 4139 1881; baseline -0.001 -19"><span class='ocrx_word' id='word_1_137' title='bbox 1137 1790 1459 1881; x_wconf 77' lang='lat' dir='ltr'>lugebant</span> <span class='ocrx_word' id='word_1_138' title='bbox 1508 1786 1711 1873; x_wconf 83' lang='lat' dir='ltr'>suos,</span> <span class='ocrx_word' id='word_1_139' title='bbox 1755 1786 2061 1856; x_wconf 85' lang='lat' dir='ltr'>oratione</span> <span class='ocrx_word' id='word_1_140' title='bbox 2107 1784 2542 1871; x_wconf 82' lang='lat' dir='ltr'>refricabam,</span> <span class='ocrx_word' id='word_1_141' title='bbox 2591 1789 2664 1856; x_wconf 77' lang='grc' dir='ltr'>δι</span> <span class='ocrx_word' id='word_1_142' title='bbox 2719 1787 2980 1853; x_wconf 86' lang='lat' dir='ltr'>animos</span> <span class='ocrx_word' id='word_1_143' title='bbox 3028 1785 3334 1871; x_wconf 74' lang='lat' dir='ltr'>equitum</span> <span class='ocrx_word' id='word_1_144' title='bbox 3385 1792 3842 1855; x_wconf 71' lang='lat' dir='ltr'>Romanorum</span> <span class='ocrx_word' id='word_1_145' title='bbox 3883 1792 4139 1879; x_wconf 84' lang='lat' dir='ltr'>,apud</span> 
     </span>
     <span class='ocr_line' id='line_1_15' title="bbox 1136 1883 4139 1982; baseline 0.001 -23"><span class='ocrx_word' id='word_1_146' title='bbox 1136 1914 1312 1982; x_wconf 81' lang='lat' dir='ltr'>quos</span> <span class='ocrx_word' id='word_1_147' title='bbox 1364 1907 1518 1961; x_wconf 84' lang='lat' dir='ltr'>tum</span> <span class='ocrx_word' id='word_1_148' title='bbox 1570 1890 1817 1969; x_wconf 80' lang='lat' dir='ltr'>judices</span> <span class='ocrx_word' id='word_1_149' title='bbox 1869 1883 2067 1953; x_wconf 88' lang='lat' dir='ltr'>causa</span> <span class='ocrx_word' id='word_1_150' title='bbox 2118 1884 2484 1974; x_wconf 85' lang='lat' dir='ltr'>agebatur,</span> <span class='ocrx_word' id='word_1_151' title='bbox 2534 1886 2618 1953; x_wconf 88' lang='lat' dir='ltr'>ad</span> <span class='ocrx_word' id='word_1_152' title='bbox 2667 1891 2758 1969; x_wconf 79' lang='lat' dir='ltr'>Q</span> <span class='ocrx_word' id='word_1_153' title='bbox 2807 1886 3123 1971; x_wconf 66' lang='lat' dir='ltr'>Caepionis</span> <span class='ocrx_word' id='word_1_154' title='bbox 3177 1886 3452 1973; x_wconf 87' lang='lat' dir='ltr'>odium,</span> <span class='ocrx_word' id='word_1_155' title='bbox 3499 1907 3540 1953; x_wconf 88' lang='lat' dir='ltr'>a.</span> <span class='ocrx_word' id='word_1_156' title='bbox 3587 1910 3718 1979; x_wconf 84' lang='lat' dir='ltr'>quo</span> <span class='ocrx_word' id='word_1_157' title='bbox 3765 1906 3963 1959; x_wconf 89' lang='lat' dir='ltr'>erant</span> <span class='ocrx_word' id='word_1_158' title='bbox 4015 1893 4139 1981; x_wconf 72' lang='lat' dir='ltr'>ipsi</span> 
     </span>
     <span class='ocr_line' id='line_1_16' title="bbox 1134 1985 3322 2079; baseline -0.003 -20"><span class='ocrx_word' id='word_1_159' title='bbox 1134 2007 1393 2079; x_wconf 87' lang='lat' dir='ltr'>propter</span> <span class='ocrx_word' id='word_1_160' title='bbox 1430 1990 1689 2069; x_wconf 75' lang='lat' dir='ltr'>judicia</span> <span class='ocrx_word' id='word_1_161' title='bbox 1736 1986 2125 2070; x_wconf 87' lang='lat' dir='ltr'>abalienati,</span> <span class='ocrx_word' id='word_1_162' title='bbox 2172 1988 2581 2055; x_wconf 81' lang='lat' dir='ltr'>renovabam</span> <span class='ocrx_word' id='word_1_163' title='bbox 2633 2002 2828 2077; x_wconf 63' lang='lat' dir='ltr'>atque</span> <span class='ocrx_word' id='word_1_164' title='bbox 2885 1985 3322 2061; x_wconf 76' lang='lat' dir='ltr'>revocabam.</span> 
     </span>
    </p>

    <p class='ocr_par' dir='ltr' id='par_1_5' title="bbox 1236 2084 4138 2175">
     <span class='ocr_line' id='line_1_17' title="bbox 1236 2084 4138 2175; baseline 0.001 -18"><span class='ocrx_word' id='word_1_165' title='bbox 1236 2096 1485 2159; x_wconf 84' lang='lat' dir='ltr'>XLIX.</span> <span class='ocrx_word' id='word_1_166' title='bbox 1536 2090 1735 2174; x_wconf 85' lang='lat' dir='ltr'>Qod</span> <span class='ocrx_word' id='word_1_167' title='bbox 1789 2084 1899 2153; x_wconf 91' lang='lat' dir='ltr'>ubi</span> <span class='ocrx_word' id='word_1_168' title='bbox 1955 2086 2115 2155; x_wconf 71' lang='lat' dir='ltr'>ienfi</span> <span class='ocrx_word' id='word_1_169' title='bbox 2168 2107 2282 2155; x_wconf 87' lang='lat' dir='ltr'>me</span> <span class='ocrx_word' id='word_1_170' title='bbox 2327 2088 2396 2153; x_wconf 90' lang='lat' dir='ltr'>in</span> <span class='ocrx_word' id='word_1_171' title='bbox 2451 2087 2814 2175; x_wconf 83' lang='lat' dir='ltr'>poffeffione</span> <span class='ocrx_word' id='word_1_172' title='bbox 2862 2084 3142 2173; x_wconf 80' lang='lat' dir='ltr'>iudicii,</span> <span class='ocrx_word' id='word_1_173' title='bbox 3188 2108 3266 2156; x_wconf 89' lang='lat' dir='ltr'>ac</span> <span class='ocrx_word' id='word_1_174' title='bbox 3317 2087 3716 2159; x_wconf 76' lang='lat' dir='ltr'>defenfioeis</span> <span class='ocrx_word' id='word_1_175' title='bbox 3758 2112 3930 2161; x_wconf 72' lang='lat' dir='ltr'>meae</span> <span class='ocrx_word' id='word_1_176' title='bbox 3975 2113 4138 2161; x_wconf 81' lang='lat' dir='ltr'>con·</span> 
     </span>
    </p>
   </div>
   <div class='ocr_carea' id='block_1_5' title="bbox 1136 2186 4156 2279">
    <p class='ocr_par' dir='ltr' id='par_1_6' title="bbox 1136 2186 4156 2279">
     <span class='ocr_line' id='line_1_18' title="bbox 1136 2186 4156 2279; baseline 0.001 -20"><span class='ocrx_word' id='word_1_177' title='bbox 1136 2190 1387 2278; x_wconf 74' lang='lat' dir='ltr'>stitisse,</span> <span class='ocrx_word' id='word_1_178' title='bbox 1438 2190 1617 2279; x_wconf 86' lang='lat' dir='ltr'>quod</span> <span class='ocrx_word' id='word_1_179' title='bbox 1692 2191 1769 2259; x_wconf 73' lang='lat' dir='ltr'>&lt;Se</span> <span class='ocrx_word' id='word_1_180' title='bbox 1838 2187 2061 2274; x_wconf 89' lang='lat' dir='ltr'>populi</span> <span class='ocrx_word' id='word_1_181' title='bbox 2136 2186 2666 2259; x_wconf 79' lang='lat' dir='ltr'>benevolentiam</span> <span class='ocrx_word' id='word_1_182' title='bbox 2716 2190 2882 2259; x_wconf 87' lang='lat' dir='ltr'>mihi</span> <span class='ocrx_word' id='word_1_183' title='bbox 2931 2188 3422 2277; x_wconf 74' lang='lat' dir='ltr'>conciliatam,</span> <span class='ocrx_word' id='word_1_184' title='bbox 3487 2194 3678 2271; x_wconf 81' lang='lat' dir='ltr'>cujus</span> <span class='ocrx_word' id='word_1_185' title='bbox 3753 2195 3859 2273; x_wconf 80' lang='lat' dir='ltr'>jus</span> <span class='ocrx_word' id='word_1_186' title='bbox 3930 2197 4156 2263; x_wconf 76' lang='lat' dir='ltr'>etiam·</span> 
     </span>
    </p>
   </div>
   <div class='ocr_carea' id='block_1_6' title="bbox 1116 2286 4152 5008">
    <p class='ocr_par' dir='ltr' id='par_1_7' title="bbox 1116 2286 4146 3286">
     <span class='ocr_line' id='line_1_19' title="bbox 1135 2286 4130 2377; baseline 0.001 -16"><span class='ocrx_word' id='word_1_187' title='bbox 1135 2314 1300 2363; x_wconf 88' lang='lat' dir='ltr'>cum</span> <span class='ocrx_word' id='word_1_188' title='bbox 1370 2291 1699 2363; x_wconf 81' lang='lat' dir='ltr'>seditionis</span> <span class='ocrx_word' id='word_1_189' title='bbox 1766 2286 2234 2367; x_wconf 66' lang='lat' dir='ltr'>conjunctione</span> <span class='ocrx_word' id='word_1_190' title='bbox 2315 2289 2746 2359; x_wconf 82' lang='lat' dir='ltr'>defenderam</span> <span class='ocrx_word' id='word_1_191' title='bbox 2791 2344 2814 2377; x_wconf 90' lang='lat'>,</span> <span class='ocrx_word' id='word_1_192' title='bbox 2904 2292 2978 2359; x_wconf 80' lang='grc' dir='ltr'>δι</span> <span class='ocrx_word' id='word_1_193' title='bbox 3049 2289 3352 2367; x_wconf 83' lang='lat' dir='ltr'>judicum</span> <span class='ocrx_word' id='word_1_194' title='bbox 3419 2296 3676 2361; x_wconf 84' lang='lat' dir='ltr'>animos</span> <span class='ocrx_word' id='word_1_195' title='bbox 3767 2311 3949 2362; x_wconf 86' lang='lat' dir='ltr'>totos</span> <span class='ocrx_word' id='word_1_196' title='bbox 3997 2297 4130 2371; x_wconf 67' lang='lat' dir='ltr'>vel</span> 
     </span>
     <span class='ocr_line' id='line_1_20' title="bbox 1136 2390 4140 2488; baseline -0 -23"><span class='ocrx_word' id='word_1_197' title='bbox 1136 2394 1515 2465; x_wconf 74' lang='lat' dir='ltr'>calamitate</span> <span class='ocrx_word' id='word_1_198' title='bbox 1562 2392 1918 2475; x_wconf 75' lang='lat' dir='ltr'>civitatiS,</span> <span class='ocrx_word' id='word_1_199' title='bbox 1966 2390 2103 2461; x_wconf 86' lang='lat' dir='ltr'>vel</span> <span class='ocrx_word' id='word_1_200' title='bbox 2122 2390 2357 2474; x_wconf 70' lang='lat' dir='ltr'>lustu,</span> <span class='ocrx_word' id='word_1_201' title='bbox 2401 2412 2482 2457; x_wconf 91' lang='lat' dir='ltr'>ac</span> <span class='ocrx_word' id='word_1_202' title='bbox 2527 2391 2844 2459; x_wconf 87' lang='lat' dir='ltr'>defiderio</span> <span class='ocrx_word' id='word_1_203' title='bbox 2893 2393 3448 2483; x_wconf 83' lang='lat' dir='ltr'>propinquorum,</span> <span class='ocrx_word' id='word_1_204' title='bbox 3499 2397 3605 2461; x_wconf 85' lang='lat' dir='ltr'>vel</span> <span class='ocrx_word' id='word_1_205' title='bbox 3661 2394 3812 2463; x_wconf 86' lang='lat' dir='ltr'>odio</span> <span class='ocrx_word' id='word_1_206' title='bbox 3861 2398 4140 2488; x_wconf 85' lang='lat' dir='ltr'>proprio</span> 
     </span>
     <span class='ocr_line' id='line_1_21' title="bbox 1130 2487 4138 2587; baseline 0 -24"><span class='ocrx_word' id='word_1_207' title='bbox 1130 2498 1207 2563; x_wconf 80' lang='lat' dir='ltr'>in</span> <span class='ocrx_word' id='word_1_208' title='bbox 1258 2496 1642 2580; x_wconf 73' lang='lat' dir='ltr'>Caepionem</span> <span class='ocrx_word' id='word_1_209' title='bbox 1664 2489 1767 2555; x_wconf 89' lang='lat' dir='ltr'>ad</span> <span class='ocrx_word' id='word_1_210' title='bbox 1818 2488 2095 2559; x_wconf 87' lang='lat' dir='ltr'>causam</span> <span class='ocrx_word' id='word_1_211' title='bbox 2144 2487 2436 2555; x_wconf 86' lang='lat' dir='ltr'>nostram</span> <span class='ocrx_word' id='word_1_212' title='bbox 2487 2508 3016 2560; x_wconf 74' lang='lat' dir='ltr'>converteram:</span> <span class='ocrx_word' id='word_1_213' title='bbox 3062 2510 3226 2563; x_wconf 91' lang='lat' dir='ltr'>tunc</span> <span class='ocrx_word' id='word_1_214' title='bbox 3278 2494 3632 2565; x_wconf 85' lang='lat' dir='ltr'>admiscere</span> <span class='ocrx_word' id='word_1_215' title='bbox 3698 2496 3855 2566; x_wconf 89' lang='lat' dir='ltr'>huic</span> <span class='ocrx_word' id='word_1_216' title='bbox 3905 2498 4138 2587; x_wconf 83' lang='lat' dir='ltr'>generi</span> 
     </span>
     <span class='ocr_line' id='line_1_22' title="bbox 1116 2590 4142 2714; baseline 0.001 -51"><span class='ocrx_word' id='word_1_217' title='bbox 1116 2590 1443 2663; x_wconf 73' lang='lat' dir='ltr'>‘orationis</span> <span class='ocrx_word' id='word_1_218' title='bbox 1498 2592 1876 2659; x_wconf 85' lang='lat' dir='ltr'>vehementi</span> <span class='ocrx_word' id='word_1_219' title='bbox 1928 2605 2125 2678; x_wconf 85' lang='lat' dir='ltr'>atque</span> <span class='ocrx_word' id='word_1_220' title='bbox 2181 2592 2385 2657; x_wconf 87' lang='lat' dir='ltr'>atroci</span> <span class='ocrx_word' id='word_1_221' title='bbox 2435 2611 2654 2709; x_wconf 77' lang='lat' dir='ltr'>genus</span> <span class='ocrx_word' id='word_1_222' title='bbox 2703 2592 2868 2662; x_wconf 85' lang='lat' dir='ltr'>illud</span> <span class='ocrx_word' id='word_1_223' title='bbox 2923 2594 3280 2682; x_wconf 84' lang='lat' dir='ltr'>alterum,</span> <span class='ocrx_word' id='word_1_224' title='bbox 3325 2596 3410 2665; x_wconf 84' lang='lat' dir='ltr'>de</span> <span class='ocrx_word' id='word_1_225' title='bbox 3458 2620 3595 2714; x_wconf 66' lang='lat' dir='ltr'>quo</span> <span class='ocrx_word' id='word_1_226' title='bbox 3645 2614 3798 2667; x_wconf 87' lang='lat' dir='ltr'>ante</span> <span class='ocrx_word' id='word_1_227' title='bbox 3847 2598 4142 2689; x_wconf 81' lang='lat' dir='ltr'>disputa-</span> 
     </span>
     <span class='ocr_line' id='line_1_23' title="bbox 1133 2688 4146 2785; baseline 0.002 -26"><span class='ocrx_word' id='word_1_228' title='bbox 1133 2695 1247 2777; x_wconf 84' lang='lat' dir='ltr'>vi,</span> <span class='ocrx_word' id='word_1_229' title='bbox 1298 2690 1591 2763; x_wconf 79' lang='lat' dir='ltr'>leuitatis</span> <span class='ocrx_word' id='word_1_230' title='bbox 1640 2692 1711 2758; x_wconf 87' lang='lat'>&amp;</span> <span class='ocrx_word' id='word_1_231' title='bbox 1766 2688 2293 2763; x_wconf 70' lang='lat' dir='ltr'>maniuetudinis</span> <span class='ocrx_word' id='word_1_232' title='bbox 2341 2695 2566 2779; x_wconf 85' lang='lat' dir='ltr'>coepi,</span> <span class='ocrx_word' id='word_1_233' title='bbox 2619 2716 2728 2761; x_wconf 91' lang='lat' dir='ltr'>me</span> <span class='ocrx_word' id='word_1_234' title='bbox 2783 2716 2906 2781; x_wconf 91' lang='lat' dir='ltr'>pro</span> <span class='ocrx_word' id='word_1_235' title='bbox 2952 2716 3100 2763; x_wconf 85' lang='lat' dir='ltr'>meo</span> <span class='ocrx_word' id='word_1_236' title='bbox 3151 2698 3396 2781; x_wconf 84' lang='lat' dir='ltr'>sodali,</span> <span class='ocrx_word' id='word_1_237' title='bbox 3447 2700 3564 2785; x_wconf 82' lang='lat' dir='ltr'>qui</span> <span class='ocrx_word' id='word_1_238' title='bbox 3614 2701 3780 2767; x_wconf 84' lang='lat' dir='ltr'>mihi</span> <span class='ocrx_word' id='word_1_239' title='bbox 3847 2701 3916 2765; x_wconf 86' lang='lat' dir='ltr'>in</span> <span class='ocrx_word' id='word_1_240' title='bbox 3974 2698 4146 2768; x_wconf 86' lang='lat' dir='ltr'>libe-</span> 
     </span>
     <span class='ocr_line' id='line_1_24' title="bbox 1136 2790 4132 2885; baseline -0.002 -24"><span class='ocrx_word' id='word_1_241' title='bbox 1136 2814 1289 2863; x_wconf 87' lang='lat' dir='ltr'>rum</span> <span class='ocrx_word' id='word_1_242' title='bbox 1342 2793 1494 2861; x_wconf 88' lang='lat' dir='ltr'>loco</span> <span class='ocrx_word' id='word_1_243' title='bbox 1542 2808 1725 2858; x_wconf 89' lang='lat' dir='ltr'>more</span> <span class='ocrx_word' id='word_1_244' title='bbox 1771 2791 2116 2867; x_wconf 76' lang='lat' dir='ltr'>majorum</span> <span class='ocrx_word' id='word_1_245' title='bbox 2167 2790 2292 2857; x_wconf 81' lang='lat' dir='ltr'>effe</span> <span class='ocrx_word' id='word_1_246' title='bbox 2343 2791 2656 2881; x_wconf 85' lang='lat' dir='ltr'>deberet;</span> <span class='ocrx_word' id='word_1_247' title='bbox 2705 2794 2778 2860; x_wconf 73' lang='grc' dir='ltr'>ὅ(</span> <span class='ocrx_word' id='word_1_248' title='bbox 2834 2814 2950 2879; x_wconf 86' lang='lat' dir='ltr'>pro</span> <span class='ocrx_word' id='word_1_249' title='bbox 2999 2814 3150 2867; x_wconf 70' lang='lat' dir='ltr'>mea</span> <span class='ocrx_word' id='word_1_250' title='bbox 3201 2798 3384 2859; x_wconf 84' lang='lat' dir='ltr'>omni</span> <span class='ocrx_word' id='word_1_251' title='bbox 3441 2797 3624 2860; x_wconf 81' lang='lat' dir='ltr'>fama</span> <span class='ocrx_word' id='word_1_252' title='bbox 3673 2820 3938 2885; x_wconf 86' lang='lat' dir='ltr'>prope</span> <span class='ocrx_word' id='word_1_253' title='bbox 3983 2801 4132 2868; x_wconf 77' lang='lat' dir='ltr'>for.</span> 
     </span>
     <span class='ocr_line' id='line_1_25' title="bbox 1136 2890 4142 2982; baseline -0.001 -21"><span class='ocrx_word' id='word_1_254' title='bbox 1136 2894 1444 2982; x_wconf 84' lang='lat' dir='ltr'>tunisque</span> <span class='ocrx_word' id='word_1_255' title='bbox 1494 2892 1845 2959; x_wconf 85' lang='lat' dir='ltr'>decernere</span> <span class='ocrx_word' id='word_1_256' title='bbox 1892 2914 1918 2955; x_wconf 72' lang='grc' dir='ltr'>ι</span> <span class='ocrx_word' id='word_1_257' title='bbox 1988 2890 2160 2959; x_wconf 83' lang='lat' dir='ltr'>nihil</span> <span class='ocrx_word' id='word_1_258' title='bbox 2217 2891 2382 2957; x_wconf 83' lang='lat' dir='ltr'>mihi</span> <span class='ocrx_word' id='word_1_259' title='bbox 2435 2892 2512 2955; x_wconf 88' lang='lat' dir='ltr'>ad</span> <span class='ocrx_word' id='word_1_260' title='bbox 2563 2891 3114 2961; x_wconf 79' lang='lat' dir='ltr'>existimationem</span> <span class='ocrx_word' id='word_1_261' title='bbox 3191 2893 3448 2976; x_wconf 84' lang='lat' dir='ltr'>turpius</span> <span class='ocrx_word' id='word_1_262' title='bbox 3499 2944 3518 2976; x_wconf 86' lang='lat'>,</span> <span class='ocrx_word' id='word_1_263' title='bbox 3564 2895 3746 2960; x_wconf 82' lang='lat' dir='ltr'>-nihil</span> <span class='ocrx_word' id='word_1_264' title='bbox 3805 2897 3890 2959; x_wconf 90' lang='lat' dir='ltr'>ad</span> <span class='ocrx_word' id='word_1_265' title='bbox 3947 2901 4142 2966; x_wconf 77' lang='lat' dir='ltr'>dolo.</span> 
     </span>
     <span class='ocr_line' id='line_1_26' title="bbox 1139 2988 4146 3081; baseline -0 -19"><span class='ocrx_word' id='word_1_266' title='bbox 1139 3014 1283 3063; x_wconf 88' lang='lat' dir='ltr'>rem</span> <span class='ocrx_word' id='word_1_267' title='bbox 1336 2989 1632 3062; x_wconf 85' lang='lat' dir='ltr'>acerbius</span> <span class='ocrx_word' id='word_1_268' title='bbox 1687 2988 1988 3060; x_wconf 88' lang='lat' dir='ltr'>accidere</span> <span class='ocrx_word' id='word_1_269' title='bbox 2039 2990 2251 3079; x_wconf 74' lang='lat' dir='ltr'>pofl‘e,</span> <span class='ocrx_word' id='word_1_270' title='bbox 2297 3008 2500 3080; x_wconf 84' lang='lat' dir='ltr'>quam</span> <span class='ocrx_word' id='word_1_271' title='bbox 2553 2991 2598 3059; x_wconf 87' lang='lat' dir='ltr'>fi</span> <span class='ocrx_word' id='word_1_272' title='bbox 2653 2994 2710 3058; x_wconf 87' lang='lat' dir='ltr'>is</span> <span class='ocrx_word' id='word_1_273' title='bbox 2759 3042 2780 3078; x_wconf 84' lang='lat'>,</span> <span class='ocrx_word' id='word_1_274' title='bbox 2847 2993 2964 3081; x_wconf 90' lang='lat' dir='ltr'>qui</span> <span class='ocrx_word' id='word_1_275' title='bbox 3019 2991 3176 3080; x_wconf 73' lang='lat' dir='ltr'>saepe</span> <span class='ocrx_word' id='word_1_276' title='bbox 3227 2991 3638 3059; x_wconf 65' lang='lat' dir='ltr'>alienissimis</span> <span class='ocrx_word' id='word_1_277' title='bbox 3665 3014 3738 3067; x_wconf 62' lang='lat' dir='ltr'>&lt;a</span> <span class='ocrx_word' id='word_1_278' title='bbox 3787 3014 3946 3080; x_wconf 87' lang='lat' dir='ltr'>me,</span> <span class='ocrx_word' id='word_1_279' title='bbox 4025 2995 4146 3062; x_wconf 72' lang='lat' dir='ltr'>sed</span> 
     </span>
     <span class='ocr_line' id='line_1_27' title="bbox 1140 3047 4144 3183; baseline -0.001 -17"><span class='ocrx_word' id='word_1_280' title='bbox 1140 3094 1309 3166; x_wconf 81' lang='lat' dir='ltr'>meis</span> <span class='ocrx_word' id='word_1_281' title='bbox 1358 3108 1587 3162; x_wconf 88' lang='lat' dir='ltr'>tamen</span> <span class='ocrx_word' id='word_1_282' title='bbox 1635 3090 1937 3180; x_wconf 82' lang='lat' dir='ltr'>civibus,</span> <span class='ocrx_word' id='word_1_283' title='bbox 1986 3091 2179 3163; x_wconf 86' lang='lat' dir='ltr'>saluti</span> <span class='ocrx_word' id='word_1_284' title='bbox 2231 3091 2638 3164; x_wconf 83' lang='lat' dir='ltr'>existimarer</span> <span class='ocrx_word' id='word_1_285' title='bbox 2690 3093 2918 3183; x_wconf 81' lang='lat' dir='ltr'>fuisse,</span> <span class='ocrx_word' id='word_1_286' title='bbox 2965 3092 3170 3164; x_wconf 82' lang='lat' dir='ltr'>sodali</span> <span class='ocrx_word' id='word_1_287' title='bbox 3221 3113 3375 3163; x_wconf 87' lang='lat' dir='ltr'>meo</span> <span class='ocrx_word' id='word_1_288' title='bbox 3401 3047 3962 3168; x_wconf 35' lang='lat' dir='ltr'>auxiliumeerre</span> <span class='ocrx_word' id='word_1_289' title='bbox 3995 3118 4144 3164; x_wconf 82' lang='lat' dir='ltr'>non</span> 
     </span>
     <span class='ocr_line' id='line_1_28' title="bbox 1144 3196 2092 3286; baseline 0 -22"><span class='ocrx_word' id='word_1_290' title='bbox 1144 3196 1525 3286; x_wconf 78' lang='lat' dir='ltr'>potuissem</span> <span class='ocrx_word' id='word_1_291' title='bbox 1690 3261 1696 3268; x_wconf 79' lang='grc'>,</span> <span class='ocrx_word' id='word_1_292' title='bbox 2084 3257 2092 3264; x_wconf 95' lang='grc'>.</span> 
     </span>
    </p>

    <p class='ocr_par' dir='ltr' id='par_1_8' title="bbox 1149 3296 4152 4493">
     <span class='ocr_line' id='line_1_29' title="bbox 1249 3296 4144 3388; baseline 0.001 -24"><span class='ocrx_word' id='word_1_293' title='bbox 1249 3296 1561 3368; x_wconf 85' lang='lat' dir='ltr'>Petebam</span> <span class='ocrx_word' id='word_1_294' title='bbox 1619 3317 1665 3368; x_wconf 77' lang='lat' dir='ltr'>a.</span> <span class='ocrx_word' id='word_1_295' title='bbox 1710 3296 2089 3384; x_wconf 77' lang='lat' dir='ltr'>judicibus,</span> <span class='ocrx_word' id='word_1_296' title='bbox 2141 3312 2214 3368; x_wconf 91' lang='lat' dir='ltr'>ut</span> <span class='ocrx_word' id='word_1_297' title='bbox 2263 3297 2433 3370; x_wconf 87' lang='lat' dir='ltr'>illud</span> <span class='ocrx_word' id='word_1_298' title='bbox 2479 3303 2650 3370; x_wconf 80' lang='lat' dir='ltr'>aetati</span> <span class='ocrx_word' id='word_1_299' title='bbox 2703 3321 2906 3388; x_wconf 88' lang='lat' dir='ltr'>meae,</span> <span class='ocrx_word' id='word_1_300' title='bbox 2907 3302 3030 3370; x_wconf 91' lang='lat' dir='ltr'>ut</span> <span class='ocrx_word' id='word_1_301' title='bbox 3079 3299 3473 3384; x_wconf 83' lang='lat' dir='ltr'>honoribus,</span> <span class='ocrx_word' id='word_1_302' title='bbox 3521 3319 3600 3368; x_wconf 88' lang='lat' dir='ltr'>ut</span> <span class='ocrx_word' id='word_1_303' title='bbox 3651 3298 3844 3368; x_wconf 84' lang='lat' dir='ltr'>rebus</span> <span class='ocrx_word' id='word_1_304' title='bbox 3894 3299 4144 3386; x_wconf 80' lang='lat' dir='ltr'>gestis,</span> 
     </span>
     <span class='ocr_line' id='line_1_30' title="bbox 1149 3397 4140 3490; baseline -0.001 -20"><span class='ocrx_word' id='word_1_305' title='bbox 1149 3397 1193 3470; x_wconf 81' lang='lat' dir='ltr'>fi</span> <span class='ocrx_word' id='word_1_306' title='bbox 1252 3399 1461 3487; x_wconf 76' lang='lat' dir='ltr'>iusto,</span> <span class='ocrx_word' id='word_1_307' title='bbox 1513 3399 1559 3466; x_wconf 85' lang='lat' dir='ltr'><strong>fi</strong></span> <span class='ocrx_word' id='word_1_308' title='bbox 1610 3401 1721 3489; x_wconf 81' lang='lat' dir='ltr'>pio</span> <span class='ocrx_word' id='word_1_309' title='bbox 1770 3400 2008 3470; x_wconf 84' lang='lat' dir='ltr'>dolore</span> <span class='ocrx_word' id='word_1_310' title='bbox 2053 3422 2166 3471; x_wconf 84' lang='lat' dir='ltr'>me</span> <span class='ocrx_word' id='word_1_311' title='bbox 2216 3402 2336 3475; x_wconf 75' lang='lat' dir='ltr'>effe</span> <span class='ocrx_word' id='word_1_312' title='bbox 2379 3401 2699 3472; x_wconf 58' lang='lat' dir='ltr'>affectum</span> <span class='ocrx_word' id='word_1_313' title='bbox 2753 3402 3106 3488; x_wconf 76' lang='lat' dir='ltr'>viderent,</span> <span class='ocrx_word' id='word_1_314' title='bbox 3157 3400 3628 3471; x_wconf 81' lang='lat' dir='ltr'>concederent.</span> <span class='ocrx_word' id='word_1_315' title='bbox 3677 3400 4032 3490; x_wconf 81' lang='lat' dir='ltr'>praesertim</span> <span class='ocrx_word' id='word_1_316' title='bbox 4085 3401 4140 3466; x_wconf 85' lang='lat' dir='ltr'>fi</span> 
     </span>
     <span class='ocr_line' id='line_1_31' title="bbox 1150 3501 4139 3597; baseline -0.001 -31"><span class='ocrx_word' id='word_1_317' title='bbox 1150 3503 1219 3570; x_wconf 90' lang='lat' dir='ltr'>in</span> <span class='ocrx_word' id='word_1_318' title='bbox 1272 3502 1417 3571; x_wconf 81' lang='lat' dir='ltr'>allis</span> <span class='ocrx_word' id='word_1_319' title='bbox 1471 3502 1685 3572; x_wconf 79' lang='lat' dir='ltr'>caufis</span> <span class='ocrx_word' id='word_1_320' title='bbox 1736 3501 2236 3588; x_wconf 72' lang='lat' dir='ltr'>intellexissent,</span> <span class='ocrx_word' id='word_1_321' title='bbox 2291 3506 2516 3571; x_wconf 86' lang='lat' dir='ltr'>omnia</span> <span class='ocrx_word' id='word_1_322' title='bbox 2569 3524 2679 3572; x_wconf 89' lang='lat' dir='ltr'>me</span> <span class='ocrx_word' id='word_1_323' title='bbox 2735 3503 2988 3597; x_wconf 82' lang='lat' dir='ltr'>semper</span> <span class='ocrx_word' id='word_1_324' title='bbox 3038 3524 3154 3592; x_wconf 79' lang='lat' dir='ltr'>pro</span> <span class='ocrx_word' id='word_1_325' title='bbox 3205 3504 3571 3572; x_wconf 82' lang='lat' dir='ltr'>amicorum</span> <span class='ocrx_word' id='word_1_326' title='bbox 3622 3501 3924 3593; x_wconf 87' lang='lat' dir='ltr'>periculis</span> <span class='ocrx_word' id='word_1_327' title='bbox 3963 3551 3982 3586; x_wconf 87' lang='lat'>,</span> <span class='ocrx_word' id='word_1_328' title='bbox 4032 3501 4139 3565; x_wconf 86' lang='lat' dir='ltr'>ni-</span> 
     </span>
     <span class='ocr_line' id='line_1_32' title="bbox 1150 3600 4142 3693; baseline 0 -27"><span class='ocrx_word' id='word_1_329' title='bbox 1150 3600 1253 3669; x_wconf 82' lang='lat' dir='ltr'>hil</span> <span class='ocrx_word' id='word_1_330' title='bbox 1303 3622 1601 3690; x_wconf 86' lang='lat' dir='ltr'>unquam</span> <span class='ocrx_word' id='word_1_331' title='bbox 1651 3625 1771 3691; x_wconf 88' lang='lat' dir='ltr'>pro</span> <span class='ocrx_word' id='word_1_332' title='bbox 1820 3604 2067 3692; x_wconf 87' lang='lat' dir='ltr'>meipso</span> <span class='ocrx_word' id='word_1_333' title='bbox 2112 3605 2534 3691; x_wconf 85' lang='lat' dir='ltr'>deprecatum</span> <span class='ocrx_word' id='word_1_334' title='bbox 2569 3653 2588 3671; x_wconf 87' lang='lat'><strong>.</strong></span> <span class='ocrx_word' id='word_1_335' title='bbox 2625 3606 2746 3676; x_wconf 70' lang='lat' dir='ltr'>sic</span> <span class='ocrx_word' id='word_1_336' title='bbox 2794 3609 2868 3676; x_wconf 86' lang='lat' dir='ltr'>in</span> <span class='ocrx_word' id='word_1_337' title='bbox 2919 3607 3038 3676; x_wconf 85' lang='lat' dir='ltr'>illa</span> <span class='ocrx_word' id='word_1_338' title='bbox 3087 3605 3270 3674; x_wconf 83' lang='lat' dir='ltr'>omni</span> <span class='ocrx_word' id='word_1_339' title='bbox 3317 3604 3690 3674; x_wconf 78' lang='lat' dir='ltr'>defenfione</span> <span class='ocrx_word' id='word_1_340' title='bbox 3740 3618 3936 3693; x_wconf 78' lang='lat' dir='ltr'>atque</span> <span class='ocrx_word' id='word_1_341' title='bbox 3977 3619 4142 3670; x_wconf 71' lang='lat' dir='ltr'>cau-</span> 
     </span>
     <span class='ocr_line' id='line_1_33' title="bbox 1155 3698 4140 3799; baseline 0 -31"><span class='ocrx_word' id='word_1_342' title='bbox 1155 3698 1264 3782; x_wconf 59' lang='lat' dir='ltr'>la,</span> <span class='ocrx_word' id='word_1_343' title='bbox 1310 3703 1493 3788; x_wconf 80' lang='lat' dir='ltr'>quod</span> <span class='ocrx_word' id='word_1_344' title='bbox 1538 3703 1661 3770; x_wconf 83' lang='lat' dir='ltr'>effe</span> <span class='ocrx_word' id='word_1_345' title='bbox 1710 3706 1785 3770; x_wconf 88' lang='lat' dir='ltr'>in</span> <span class='ocrx_word' id='word_1_346' title='bbox 1834 3721 1971 3772; x_wconf 86' lang='lat' dir='ltr'>arte</span> <span class='ocrx_word' id='word_1_347' title='bbox 2022 3709 2306 3795; x_wconf 72' lang='lat' dir='ltr'>politum</span> <span class='ocrx_word' id='word_1_348' title='bbox 2355 3703 2751 3795; x_wconf 81' lang='lat' dir='ltr'>videbatur,</span> <span class='ocrx_word' id='word_1_349' title='bbox 2796 3723 2876 3776; x_wconf 92' lang='lat' dir='ltr'>ut</span> <span class='ocrx_word' id='word_1_350' title='bbox 2921 3711 3006 3779; x_wconf 89' lang='lat' dir='ltr'>de</span> <span class='ocrx_word' id='word_1_351' title='bbox 3055 3707 3200 3799; x_wconf 81' lang='lat' dir='ltr'>lege</span> <span class='ocrx_word' id='word_1_352' title='bbox 3231 3707 3540 3797; x_wconf 62' lang='lat' dir='ltr'>Apuleia</span> <span class='ocrx_word' id='word_1_353' title='bbox 3592 3707 3882 3776; x_wconf 86' lang='lat' dir='ltr'>dicerem</span> <span class='ocrx_word' id='word_1_354' title='bbox 3931 3755 3953 3790; x_wconf 93' lang='lat'>,</span> <span class='ocrx_word' id='word_1_355' title='bbox 3999 3717 4140 3787; x_wconf 79' lang='lat' dir='ltr'>ut,</span> 
     </span>
     <span class='ocr_line' id='line_1_34' title="bbox 1156 3800 4148 3899; baseline 0 -29"><span class='ocrx_word' id='word_1_356' title='bbox 1156 3800 1315 3888; x_wconf 82' lang='lat' dir='ltr'>quid</span> <span class='ocrx_word' id='word_1_357' title='bbox 1369 3801 1523 3870; x_wconf 81' lang='lat' dir='ltr'>effer</span> <span class='ocrx_word' id='word_1_358' title='bbox 1571 3803 1873 3872; x_wconf 88' lang='lat' dir='ltr'>minuere</span> <span class='ocrx_word' id='word_1_359' title='bbox 1922 3805 2329 3887; x_wconf 82' lang='lat' dir='ltr'>maiestatem</span> <span class='ocrx_word' id='word_1_360' title='bbox 2373 3859 2400 3894; x_wconf 92' lang='lat'>,</span> <span class='ocrx_word' id='word_1_361' title='bbox 2459 3808 2864 3895; x_wconf 81' lang='lat' dir='ltr'>explicarem</span> <span class='ocrx_word' id='word_1_362' title='bbox 2905 3862 2931 3897; x_wconf 89' lang='lat'>,</span> <span class='ocrx_word' id='word_1_363' title='bbox 2993 3829 3310 3899; x_wconf 78' lang='lat' dir='ltr'>perquam</span> <span class='ocrx_word' id='word_1_364' title='bbox 3377 3810 3658 3875; x_wconf 84' lang='lat' dir='ltr'>breviter</span> <span class='ocrx_word' id='word_1_365' title='bbox 3729 3804 4063 3893; x_wconf 82' lang='lat' dir='ltr'>perstrinxi</span> <span class='ocrx_word' id='word_1_366' title='bbox 4117 3853 4148 3886; x_wconf 89' lang='lat'>,</span> 
     </span>
     <span class='ocr_line' id='line_1_35' title="bbox 1158 3903 4146 3998; baseline -0.001 -26"><span class='ocrx_word' id='word_1_367' title='bbox 1158 3915 1365 3990; x_wconf 69' lang='lat' dir='ltr'>atque</span> <span class='ocrx_word' id='word_1_368' title='bbox 1406 3903 1599 3991; x_wconf 82' lang='lat' dir='ltr'>attigi</span> <span class='ocrx_word' id='word_1_369' title='bbox 1638 3951 1667 3972; x_wconf 53' lang='grc' dir='ltr'>,ι</span> <span class='ocrx_word' id='word_1_370' title='bbox 1728 3907 1865 3974; x_wconf 80' lang='lat' dir='ltr'>His</span> <span class='ocrx_word' id='word_1_371' title='bbox 1906 3905 2173 3978; x_wconf 85' lang='lat' dir='ltr'>duabus.</span> <span class='ocrx_word' id='word_1_372' title='bbox 2215 3908 2510 3998; x_wconf 79' lang='lat' dir='ltr'>partibus</span> <span class='ocrx_word' id='word_1_373' title='bbox 2559 3909 2872 3975; x_wconf 85' lang='lat' dir='ltr'>orationis</span> <span class='ocrx_word' id='word_1_374' title='bbox 2911 3959 2958 3996; x_wconf 90' lang='grc'>,.</span> <span class='ocrx_word' id='word_1_375' title='bbox 3005 3927 3290 3998; x_wconf 77' lang='lat' dir='ltr'>quarum</span> <span class='ocrx_word' id='word_1_376' title='bbox 3361 3910 3568 3975; x_wconf 86' lang='lat' dir='ltr'>altera</span> <span class='ocrx_word' id='word_1_377' title='bbox 3633 3910 4146 3976; x_wconf 87' lang='lat' dir='ltr'>concitationem</span> 
     </span>
     <span class='ocr_line' id='line_1_36' title="bbox 1156 3999 4146 4120; baseline 0.001 -52"><span class='ocrx_word' id='word_1_378' title='bbox 1156 3999 1402 4087; x_wconf 83' lang='lat' dir='ltr'>habet,</span> <span class='ocrx_word' id='word_1_379' title='bbox 1449 4002 1657 4072; x_wconf 87' lang='lat' dir='ltr'>altera</span> <span class='ocrx_word' id='word_1_380' title='bbox 1705 4009 2392 4095; x_wconf 83' lang='lat' dir='ltr'>commendationem,</span> <span class='ocrx_word' id='word_1_381' title='bbox 2440 4031 2586 4097; x_wconf 79' lang='lat' dir='ltr'>quae</span> <span class='ocrx_word' id='word_1_382' title='bbox 2637 4009 2916 4076; x_wconf 86' lang='lat' dir='ltr'>minime</span> <span class='ocrx_word' id='word_1_383' title='bbox 2962 4011 3300 4098; x_wconf 68' lang='lat' dir='ltr'>praeceptIS</span> <span class='ocrx_word' id='word_1_384' title='bbox 3347 4009 3591 4076; x_wconf 89' lang='lat' dir='ltr'>artium</span> <span class='ocrx_word' id='word_1_385' title='bbox 3641 4007 3794 4072; x_wconf 86' lang='lat' dir='ltr'>sunt</span> <span class='ocrx_word' id='word_1_386' title='bbox 3861 4006 4146 4120; x_wconf 77' lang='lat' dir='ltr'>perpoli-</span> 
     </span>
     <span class='ocr_line' id='line_1_37' title="bbox 1160 4103 4150 4194; baseline -0.001 -22"><span class='ocrx_word' id='word_1_387' title='bbox 1160 4119 1309 4190; x_wconf 71' lang='lat' dir='ltr'>tae,</span> <span class='ocrx_word' id='word_1_388' title='bbox 1350 4105 1577 4172; x_wconf 74' lang='lat' dir='ltr'>omnis</span> <span class='ocrx_word' id='word_1_389' title='bbox 1612 4103 1713 4174; x_wconf 82' lang='lat' dir='ltr'>est</span> <span class='ocrx_word' id='word_1_390' title='bbox 1758 4126 1799 4174; x_wconf 86' lang='lat' dir='ltr'>a</span> <span class='ocrx_word' id='word_1_391' title='bbox 1846 4123 1963 4176; x_wconf 84' lang='lat' dir='ltr'>me</span> <span class='ocrx_word' id='word_1_392' title='bbox 2006 4109 2130 4178; x_wconf 80' lang='lat' dir='ltr'>illa</span> <span class='ocrx_word' id='word_1_393' title='bbox 2174 4106 2372 4180; x_wconf 83' lang='lat' dir='ltr'>causa</span> <span class='ocrx_word' id='word_1_394' title='bbox 2423 4107 2745 4194; x_wconf 63' lang='lat' dir='ltr'>tractata,</span> <span class='ocrx_word' id='word_1_395' title='bbox 2798 4125 2872 4177; x_wconf 88' lang='lat' dir='ltr'>ut</span> <span class='ocrx_word' id='word_1_396' title='bbox 2925 4113 2999 4180; x_wconf 61' lang='grc' dir='ltr'><strong>ἃ</strong></span> <span class='ocrx_word' id='word_1_397' title='bbox 3056 4109 3418 4176; x_wconf 77' lang='lat' dir='ltr'>acerrimus</span> <span class='ocrx_word' id='word_1_398' title='bbox 3465 4108 3532 4174; x_wconf 89' lang='lat' dir='ltr'>in</span> <span class='ocrx_word' id='word_1_399' title='bbox 3587 4103 3902 4192; x_wconf 78' lang='lat' dir='ltr'>Caepionis</span> <span class='ocrx_word' id='word_1_400' title='bbox 3969 4105 4150 4170; x_wconf 84' lang='lat' dir='ltr'>invi-</span> 
     </span>
     <span class='ocr_line' id='line_1_38' title="bbox 1161 4201 4152 4298; baseline 0 -29"><span class='ocrx_word' id='word_1_401' title='bbox 1161 4201 1267 4272; x_wconf 83' lang='lat' dir='ltr'>dia</span> <span class='ocrx_word' id='word_1_402' title='bbox 1318 4203 1765 4294; x_wconf 81' lang='lat' dir='ltr'>renovanda,</span> <span class='ocrx_word' id='word_1_403' title='bbox 1814 4209 1883 4278; x_wconf 85' lang='lat'>&amp;</span> <span class='ocrx_word' id='word_1_404' title='bbox 1940 4208 2011 4278; x_wconf 86' lang='lat' dir='ltr'>in</span> <span class='ocrx_word' id='word_1_405' title='bbox 2064 4213 2235 4280; x_wconf 80' lang='lat' dir='ltr'>meis</span> <span class='ocrx_word' id='word_1_406' title='bbox 2277 4210 2572 4281; x_wconf 85' lang='lat' dir='ltr'>moribus</span> <span class='ocrx_word' id='word_1_407' title='bbox 2622 4228 2786 4298; x_wconf 82' lang='lat' dir='ltr'>erga</span> <span class='ocrx_word' id='word_1_408' title='bbox 2837 4231 3025 4278; x_wconf 81' lang='lat' dir='ltr'>meos</span> <span class='ocrx_word' id='word_1_409' title='bbox 3072 4209 3455 4282; x_wconf 75' lang='lat' dir='ltr'>necessarios</span> <span class='ocrx_word' id='word_1_410' title='bbox 3503 4203 3917 4275; x_wconf 86' lang='lat' dir='ltr'>declarandis</span> <span class='ocrx_word' id='word_1_411' title='bbox 3952 4223 4152 4270; x_wconf 86' lang='lat' dir='ltr'>man-</span> 
     </span>
     <span class='ocr_line' id='line_1_39' title="bbox 1162 4259 4145 4458; baseline 0 -88"><span class='ocrx_word' id='word_1_412' title='bbox 1162 4303 1563 4376; x_wconf 76' lang='lat' dir='ltr'>suetiffimus</span> <span class='ocrx_word' id='word_1_413' title='bbox 1604 4259 1909 4377; x_wconf 48' lang='lat' dir='ltr'>viderer*</span> <span class='ocrx_word' id='word_1_414' title='bbox 1954 4314 2111 4400; x_wconf 70' lang='lat' dir='ltr'>Ita,</span> <span class='ocrx_word' id='word_1_415' title='bbox 2148 4313 2370 4402; x_wconf 82' lang='lat' dir='ltr'>magis</span> <span class='ocrx_word' id='word_1_416' title='bbox 2419 4309 2667 4380; x_wconf 59' lang='lat' dir='ltr'>affectis</span> <span class='ocrx_word' id='word_1_417' title='bbox 2722 4311 2970 4382; x_wconf 79' lang='lat' dir='ltr'>animis</span> <span class='ocrx_word' id='word_1_418' title='bbox 3011 4310 3360 4396; x_wconf 77' lang='lat' dir='ltr'>iudicum,</span> <span class='ocrx_word' id='word_1_419' title='bbox 3405 4329 3608 4458; x_wconf 84' lang='lat' dir='ltr'>quam</span> <span class='ocrx_word' id='word_1_420' title='bbox 3656 4304 3926 4392; x_wconf 64' lang='lat' dir='ltr'>donis,</span> <span class='ocrx_word' id='word_1_421' title='bbox 3973 4318 4092 4372; x_wconf 85' lang='lat' dir='ltr'>tua</span> <span class='ocrx_word' id='word_1_422' title='bbox 4123 4356 4145 4390; x_wconf 90' lang='lat'>,</span> 
     </span>
     <span class='ocr_line' id='line_1_40' title="bbox 1162 4405 2874 4494; baseline 0.005 -20"><span class='ocrx_word' id='word_1_423' title='bbox 1162 4405 1459 4494; x_wconf 83' lang='lat' dir='ltr'>Sulpici,</span> <span class='ocrx_word' id='word_1_424' title='bbox 1498 4407 1604 4478; x_wconf 85' lang='lat' dir='ltr'>est</span> <span class='ocrx_word' id='word_1_425' title='bbox 1644 4430 1687 4478; x_wconf 85' lang='lat' dir='ltr'>a·</span> <span class='ocrx_word' id='word_1_426' title='bbox 1736 4408 1919 4480; x_wconf 80' lang='lat' dir='ltr'>nobis</span> <span class='ocrx_word' id='word_1_427' title='bbox 1966 4427 2122 4484; x_wconf 82' lang='lat' dir='ltr'>tum</span> <span class='ocrx_word' id='word_1_428' title='bbox 2175 4412 2538 4484; x_wconf 71' lang='lat' dir='ltr'>accusatio.</span> <span class='ocrx_word' id='word_1_429' title='bbox 2553 4411 2772 4483; x_wconf 64' lang='lat' dir='ltr'>vicia.</span> <span class='ocrx_word' id='word_1_430' title='bbox 2861 4423 2874 4430; x_wconf 81' lang='grc'><strong><em>’</em></strong></span> 
     </span>
    </p>

    <p class='ocr_par' dir='ltr' id='par_1_9' title="bbox 1164 4510 4144 5008">
     <span class='ocr_line' id='line_1_41' title="bbox 1264 4510 4137 4628; baseline 0 -54"><span class='ocrx_word' id='word_1_431' title='bbox 1264 4510 1347 4574; x_wconf 89' lang='lat' dir='ltr'>L.</span> <span class='ocrx_word' id='word_1_432' title='bbox 1424 4511 1567 4578; x_wconf 87' lang='lat' dir='ltr'>Hic</span> <span class='ocrx_word' id='word_1_433' title='bbox 1626 4512 1951 4601; x_wconf 81' lang='lat' dir='ltr'>Sulpicius</span> <span class='ocrx_word' id='word_1_434' title='bbox 1996 4567 2021 4604; x_wconf 91' lang='lat'>,</span> <span class='ocrx_word' id='word_1_435' title='bbox 2086 4519 2272 4590; x_wconf 73' lang='lat' dir='ltr'>vere</span> <span class='ocrx_word' id='word_1_436' title='bbox 2335 4514 2612 4585; x_wconf 81' lang='lat' dir='ltr'>hercule</span> <span class='ocrx_word' id='word_1_437' title='bbox 2646 4567 2677 4602; x_wconf 87' lang='lat'>,</span> <span class='ocrx_word' id='word_1_438' title='bbox 2738 4515 3013 4628; x_wconf 79' lang='lat' dir='ltr'>inquit,</span> <span class='ocrx_word' id='word_1_439' title='bbox 3075 4514 3374 4599; x_wconf 84' lang='lat' dir='ltr'>Antoni,</span> <span class='ocrx_word' id='word_1_440' title='bbox 3420 4511 3536 4580; x_wconf 87' lang='lat' dir='ltr'>ista</span> <span class='ocrx_word' id='word_1_441' title='bbox 3586 4517 4137 4580; x_wconf 71' lang='lat' dir='ltr'>commemoras,</span> 
     </span>
     <span class='ocr_line' id='line_1_42' title="bbox 1164 4609 4144 4708; baseline -0.001 -32"><span class='ocrx_word' id='word_1_442' title='bbox 1164 4611 1351 4678; x_wconf 73' lang='lat' dir='ltr'>Nam</span> <span class='ocrx_word' id='word_1_443' title='bbox 1396 4629 1537 4700; x_wconf 80' lang='lat' dir='ltr'>ego</span> <span class='ocrx_word' id='word_1_444' title='bbox 1580 4611 1749 4682; x_wconf 75' lang='lat' dir='ltr'>nihil</span> <span class='ocrx_word' id='word_1_445' title='bbox 1796 4637 2121 4707; x_wconf 72' lang='lat' dir='ltr'>unquam</span> <span class='ocrx_word' id='word_1_446' title='bbox 2160 4617 2341 4703; x_wconf 72' lang='lat' dir='ltr'>vidi,</span> <span class='ocrx_word' id='word_1_447' title='bbox 2391 4618 2574 4708; x_wconf 84' lang='lat' dir='ltr'>quod</span> <span class='ocrx_word' id='word_1_448' title='bbox 2605 4633 2768 4686; x_wconf 73' lang='lat' dir='ltr'>tam</span> <span class='ocrx_word' id='word_1_449' title='bbox 2815 4639 2859 4686; x_wconf 84' lang='lat' dir='ltr'>e</span> <span class='ocrx_word' id='word_1_450' title='bbox 2883 4617 3224 4691; x_wconf 73' lang='lat' dir='ltr'>mnibus</span> <span class='ocrx_word' id='word_1_451' title='bbox 3267 4613 3671 4700; x_wconf 79' lang='lat' dir='ltr'>elaberetur,</span> <span class='ocrx_word' id='word_1_452' title='bbox 3720 4631 3924 4700; x_wconf 82' lang='lat' dir='ltr'>quam</span> <span class='ocrx_word' id='word_1_453' title='bbox 3973 4609 4144 4677; x_wconf 81' lang='lat' dir='ltr'>mihi</span> 
     </span>
     <span class='ocr_line' id='line_1_43' title="bbox 1167 4711 4142 4810; baseline 0 -34"><span class='ocrx_word' id='word_1_454' title='bbox 1167 4723 1323 4782; x_wconf 80' lang='lat' dir='ltr'>tum</span> <span class='ocrx_word' id='word_1_455' title='bbox 1364 4711 1462 4780; x_wconf 83' lang='lat' dir='ltr'>est</span> <span class='ocrx_word' id='word_1_456' title='bbox 1506 4713 1724 4802; x_wconf 84' lang='lat' dir='ltr'>elapsa</span> <span class='ocrx_word' id='word_1_457' title='bbox 1774 4715 1887 4784; x_wconf 88' lang='lat' dir='ltr'>illa</span> <span class='ocrx_word' id='word_1_458' title='bbox 1932 4716 2177 4787; x_wconf 84' lang='lat' dir='ltr'>causa</span> <span class='ocrx_word' id='word_1_459' title='bbox 2227 4725 2410 4788; x_wconf 86' lang='lat' dir='ltr'>Cum</span> <span class='ocrx_word' id='word_1_460' title='bbox 2453 4719 2634 4786; x_wconf 77' lang='lat' dir='ltr'>enim</span> <span class='ocrx_word' id='word_1_461' title='bbox 2685 4719 3309 4810; x_wconf 76' lang='lat' dir='ltr'>(quemadmodum</span> <span class='ocrx_word' id='word_1_462' title='bbox 3353 4713 3570 4783; x_wconf 73' lang='lat' dir='ltr'>dixisti</span> <span class='ocrx_word' id='word_1_463' title='bbox 3592 4721 3629 4800; x_wconf 80' lang='grc'><strong><em>)</em></strong></span> <span class='ocrx_word' id='word_1_464' title='bbox 3677 4714 3794 4784; x_wconf 89' lang='lat' dir='ltr'>tibi</span> <span class='ocrx_word' id='word_1_465' title='bbox 3845 4733 3970 4803; x_wconf 87' lang='lat' dir='ltr'>ego</span> <span class='ocrx_word' id='word_1_466' title='bbox 4006 4729 4142 4778; x_wconf 84' lang='lat' dir='ltr'>non</span> 
     </span>
     <span class='ocr_line' id='line_1_44' title="bbox 1174 4808 4144 4924; baseline -0.002 -43"><span class='ocrx_word' id='word_1_467' title='bbox 1174 4808 1539 4900; x_wconf 72' lang='lat' dir='ltr'>iudicium,</span> <span class='ocrx_word' id='word_1_468' title='bbox 1594 4814 1699 4882; x_wconf 87' lang='lat' dir='ltr'>sed</span> <span class='ocrx_word' id='word_1_469' title='bbox 1746 4816 2139 4886; x_wconf 85' lang='lat' dir='ltr'>incendium</span> <span class='ocrx_word' id='word_1_470' title='bbox 2188 4818 2642 4906; x_wconf 71' lang='lat' dir='ltr'>tradidissem·</span> <span class='ocrx_word' id='word_1_471' title='bbox 2691 4821 2870 4924; x_wconf 84' lang='lat' dir='ltr'>quod</span> <span class='ocrx_word' id='word_1_472' title='bbox 2921 4837 3114 4889; x_wconf 87' lang='lat' dir='ltr'>tuum</span> <span class='ocrx_word' id='word_1_473' title='bbox 3166 4817 3608 4908; x_wconf 80' lang='lat' dir='ltr'>principium,</span> <span class='ocrx_word' id='word_1_474' title='bbox 3653 4815 3748 4885; x_wconf 82' lang='lat' dir='ltr'>dii</span> <span class='ocrx_word' id='word_1_475' title='bbox 3800 4815 4144 4882; x_wconf 83' lang='lat' dir='ltr'>immorta-</span> 
     </span>
     <span class='ocr_line' id='line_1_45' title="bbox 1176 4912 4138 5008; baseline -0 -30"><span class='ocrx_word' id='word_1_476' title='bbox 1176 4912 1321 5000; x_wconf 69' lang='lat' dir='ltr'>leS,</span> <span class='ocrx_word' id='word_1_477' title='bbox 1368 4913 1550 4984; x_wconf 69' lang='lat' dir='ltr'>fuit?</span> <span class='ocrx_word' id='word_1_478' title='bbox 1598 4916 1718 5004; x_wconf 85' lang='lat' dir='ltr'>qui</span> <span class='ocrx_word' id='word_1_479' title='bbox 1766 4918 1963 4986; x_wconf 67' lang='lat' dir='ltr'>timor·</span> <span class='ocrx_word' id='word_1_480' title='bbox 1986 4917 2021 4984; x_wconf 63' lang='grc' dir='ltr'><strong>ἓ</strong></span> <span class='ocrx_word' id='word_1_481' title='bbox 2066 4941 2211 5008; x_wconf 84' lang='lat' dir='ltr'>quae</span> <span class='ocrx_word' id='word_1_482' title='bbox 2257 4915 2624 4988; x_wconf 79' lang='lat' dir='ltr'>dubitatio?</span> <span class='ocrx_word' id='word_1_483' title='bbox 2673 4938 2926 5008; x_wconf 78' lang='lat' dir='ltr'>quanta</span> <span class='ocrx_word' id='word_1_484' title='bbox 2941 4919 3304 5008; x_wconf 56' lang='lat' dir='ltr'>haesitatio</span> <span class='ocrx_word' id='word_1_485' title='bbox 3347 4917 3734 5008; x_wconf 62' lang='lat' dir='ltr'>traciufifue·</span> <span class='ocrx_word' id='word_1_486' title='bbox 3727 4913 4138 4986; x_wconf 62' lang='grc' dir='ltr'>τιώοιιιιιιὶ</span> 
     </span>
    </p>
   </div>
   <div class='ocr_carea' id='block_1_7' title="bbox 1177 4963 4144 5184">
    <p class='ocr_par' dir='ltr' id='par_1_10' title="bbox 1177 4963 4144 5184">
     <span class='ocr_line' id='line_1_46' title="bbox 1177 4963 4144 5114; baseline 0.005 -33"><span class='ocrx_word' id='word_1_487' title='bbox 1177 5012 1275 5078; x_wconf 80' lang='lat' dir='ltr'>Ut</span> <span class='ocrx_word' id='word_1_488' title='bbox 1297 4963 1560 5114; x_wconf 27' lang='lat' dir='ltr'>’‘illud·</span> <span class='ocrx_word' id='word_1_489' title='bbox 1538 5017 1767 5105; x_wconf 69' lang='lat' dir='ltr'>mitiO,</span> <span class='ocrx_word' id='word_1_490' title='bbox 1810 5021 1987 5110; x_wconf 78' lang='lat' dir='ltr'>quod</span> <span class='ocrx_word' id='word_1_491' title='bbox 2036 5020 2151 5088; x_wconf 85' lang='lat' dir='ltr'>tibi</span> <span class='ocrx_word' id='word_1_492' title='bbox 2199 5041 2420 5090; x_wconf 80' lang='lat' dir='ltr'>unum</span> <span class='ocrx_word' id='word_1_493' title='bbox 2471 5023 2556 5088; x_wconf 84' lang='lat' dir='ltr'>ad</span> <span class='ocrx_word' id='word_1_494' title='bbox 2609 5021 3094 5110; x_wconf 80' lang='lat' dir='ltr'>ignoscendum</span> <span class='ocrx_word' id='word_1_495' title='bbox 3137 5021 3450 5094; x_wconf 71' lang='lat' dir='ltr'>homines</span> <span class='ocrx_word' id='word_1_496' title='bbox 3494 5019 3742 5094; x_wconf 81' lang='lat' dir='ltr'>dabant</span> <span class='ocrx_word' id='word_1_497' title='bbox 3775 5071 3805 5108; x_wconf 81' lang='grc'>,</span> <span class='ocrx_word' id='word_1_498' title='bbox 3843 5013 4144 5098; x_wconf 75' lang='lat' dir='ltr'>tenuist13</span> 
     </span>
     <span class='ocr_line' id='line_1_47' title="bbox 3981 5135 4048 5184; baseline 0.03 -2"><span class='ocrx_word' id='word_1_499' title='bbox 3981 5135 4048 5184; x_wconf 66' lang='lat' dir='ltr'>te</span> 
     </span>
    </p>
   </div>
  </div>
 </body>
</html>
