4359 6321
1178 509 1360 629 156
1915 494 2149 587 DE
2268 487 3223 584 ORATORE

1051 632 1134 699 In
1187 648 1320 719 qua
1372 638 1726 713 permaneo
1767 672 1788 706 ‚
1833 618 2070 687 Catule
2108 668 2128 701 ‚
2182 610 2501 683 sententia
2538 636 2558 699 3
2612 630 2857 701 meque
2892 666 2918 697 ,
2962 631 3121 680 cum
3172 610 3313 679 hue
3360 612 3513 679 veni
3554 664 3579 701 ‚
3628 613 3761 685 hoe
3812 616 4028 707 ipsum

1047 729 1212 799 nihil
1269 747 1508 815 agere,
1563 728 1633 795 &
1689 722 1882 809 plane
1931 721 2225 801 cessare,
2270 713 2586 782 delet'tat.

1153 832 1381 913 Nam,
1435 826 1614 917 quod
1665 821 1961 890 addidisti
2015 820 2322 901 tertium,
2374 836 2493 881 vos
2540 834 2657 882 eos
2705 812 2882 899 esse,
2934 814 3051 900 qui
3099 814 3308 881 vitam
3360 812 3705 885 insuavem
3760 818 3896 887 fine
3920 820 4023 888 his

1051 920 1272 998 studiis
1325 929 1682 1018 putaretiS,
1734 924 1800 991 id
1853 945 1960 993 me
2011 942 2147 987 non
2201 914 2404 985 modo
2456 938 2589 983 non
2630 914 2927 981 hortatur
2979 914 3064 979 ad
3100 912 3615 1001 disputandum,
3671 918 3777 985 sed
3828 923 4029 990 etiam
4135 968 4141 973 -

1047 1032 1364 1109 deterret.
1421 1033 1598 1097 Nam
1654 1041 1725 1095 ut
1775 1023 2215 1105 c.Lucilius,
2265 1021 2467 1088 homo
2518 1016 2753 1083 doetus
2826 1015 2895 1083 δε
2968 1012 3422 1101 perurbanus,
3474 1016 3687 1086 dicere
3745 1020 4027 1111 solebat,

1047 1152 1125 1201 ea
1162 1184 1189 1217 2
1233 1155 1371 1221 quae
1424 1129 1718 1199 scriberet
1756 1181 1776 1212 ‚
1845 1144 2058 1218 neque
2110 1120 2191 1189 ab
2244 1116 2683 1186 indostiffimis
2725 1169 2746 1201 ,
2816 1135 3026 1205 neque
3077 1135 3114 1181 a
3164 1115 3557 1186 dostissimis
3610 1121 3738 1207 legi
3796 1122 4027 1210 vel-le;

1048 1232 1240 1299 alteri
1289 1230 1457 1298 nihil
1509 1230 1963 1317 intelligerent
2004 1280 2024 1311 ‚
2093 1225 2284 1289 alteri
2341 1222 2487 1307 plus
2541 1216 2813 1285 fortasse
2850 1268 2870 1301 ,
2924 1218 3069 1297 (*)
3136 1240 3337 1307 quam
3390 1220 3574 1307 ipse3
3650 1244 3781 1309 quo
3832 1224 4029 1290 etiam

1047 1330 1340 1419 scripsit,
1394 1335 1504 1418 (8)
1567 1331 1847 1411 Perfium
1901 1348 2015 1393 non
2070 1346 2217 1387 curo
2259 1324 2495 1405 legere:
2551 1318 2708 1407 (hic
2762 1318 2947 1384 enim
2992 1319 3153 1420 fuit,
3208 1338 3280 1388 ut
3323 1341 3674 1407 noramuS,
3726 1327 4032 1391 omnium

1047 1431 1184 1497 fere
1236 1428 1598 1497 nostrorum
1655 1430 2010 1495 hominum
2062 1422 2573 1501 doitil'simusz)
2634 1428 2779 1503 (9)
2838 1422 3129 1485 Laelium·
3159 1428 3497 1489 Decimum
3553 1426 3728 1507 volo,
3784 1438 4035 1514 (quem

1045 1533 1486 1619 cognovimus
1559 1532 1778 1597 virum
1834 1526 2086 1593 bonum
2128 1578 2146 1608 ‚
2220 1528 2287 1592 ὅ(
2366 1544 2497 1588 non
2556 1520 2941 1586 illiteratum
2986 1576 3004 1605 ,
3080 1522 3181 1587 sed
3254 1523 3417 1591 nihil
3491 1525 3573 1590 ad
3632 1526 4028 1610 Perfium5)

1047 1632 1134 1703 fic
1185 1652 1308 1718 ego
1347 1682 1366 1711 ,
1423 1629 1466 1692 si
1521 1629 1655 1704 iam
1711 1629 1870 1693 mihi
1927 1626 2391 1712 disputandum
2450 1624 2521 1687 fit
2574 1623 2651 1687 de
2706 1622 2806 1691 his
2864 1623 3094 1688 nostris
3146 1622 3411 1707 studiis,
3468 1625 3673 1691 nolim
3726 1625 4034 1715 equidem

1047 1729 1216 1818 apud
1271 1729 1538 1796 rusticos
1577 1784 1596 1814 ,
1651 1730 1755 1794 sed
1810 1728 2021 1795 multo
2073 1730 2296 1794 minus
2353 1724 2523 1810 apud
2578 1744 2741 1790 vos.
2822 1725 3007 1791 Malo
3076 1728 3255 1796 enim
3324 1746 3456 1791 nou
3526 1728 3811 1816 intelligi
3880 1742 4037 1790 ora.-

1045 1835 1294 1899 tionem
1351 1852 1612 1915 meam,
1664 1853 1866 1920 quam
1925 1828 2343 1918 reprehendi:

1151 1936 1312 1998 Vll.
1368 1936 1552 1999 Tum
1609 1935 1824 2001 Caefar
1870 1987 1885 2016 ‚
1939 1932 2257 2017 Eluidem
2298 1984 2313 2011 ,
2370 1931 2583 2018 inquit
2627 1981 2645 2011 ,
2696 1929 2930 1992 Catule
2975 1979 2993 2010 ‚
3065 1929 3199 2004 jam
3256 1930 3421 1995 mihi
3478 1930 3705 1995 videor
3756 1930 4039 1997 navasse

1045 2054 1357 2121 operam,
1409 2036 1581 2123 quod
1634 2035 1768 2101 huc
1824 2034 2114 2100 venerim
2155 2080 2169 2095 .
2226 2035 2405 2096 Nam
2458 2030 2594 2094 haec
2648 2026 2780 2113 ipsa
2836 2027 3155 2094 recusatio
3208 2027 3696 2116 disputationi5‚
3750 2029 4035 2119 disputa-

1045 2135 1137 2200 tio
1193 2132 1494 2223 quaedam
1548 2136 1674 2200 fuit
1733 2136 1894 2200 mihi
1949 2134 2215 2221 quidem
2270 2127 2674 2218 periucunda
2714 2178 2729 2192 .
2805 2129 2926 2194 Sed
2980 2149 3096 2196 cur
3152 2131 3551 2219 impedimus
3604 2134 3970 2199 Antonium
4010 2184 4037 2217 ,

1045 2236 1238 2327 cujus
1291 2235 1494 2301 audio
1541 2236 1662 2301 effe
1719 2254 1978 2323 parteS,
2027 2251 2102 2299 ut·
2149 2234 2229 2297 de
2280 2250 2417 2299 tota
2468 2232 2845 2319 eloquentia
2898 2228 3206 2315 differat,
3263 2251 3595 2320 quemque
3642 2231 4045 2308 jamdudum.

1043 2342 1238 2403 Cotta
1294 2336 1362 2402 δε
1426 2337 1752 2422 Sulpicius
1805 2334 2207 2420 expectant?

1143 2440 1288 2523 Ego
1341 2456 1555 2523 vero,
1634 2432 2158 2523 inquitet-alsus
2191 2482 2210 2514 ‚
2288 2450 2501 2520 neque
2554 2432 2935 2497 Antonium·
2986 2430 3265 2501 verbum
3336 2435 3551 2502 facere
3624 2437 3830 2525 patiar
3868 2493 3889 2524 ,
3954 2440 4041 2509 δε

1039 2533 1176 2620 ipse
1229 2532 1674 2601 obmutescam
1717 2587 1736 2618 ‚
1791 2534 1905 2596 nifi
1965 2533 2147 2617 prius
2199 2550 2234 2594 a
2298 2534 2479 2597 vobis
2534 2536 2884 2619 impetrato
2924 2580 2939 2599 .
2998 2537 3394 2623 Qiidnam?
3452 2538 3661 2625 inquit
3714 2540 4039 2607 Catulus.

1043 2635 1139 2697 Ut
1193 2633 1302 2698 hic
1359 2632 1490 2697 sitis
1541 2633 1775 2699 hodie.
1831 2636 2058 2714 Tum,
2111 2652 2270 2698 cum
2324 2633 2433 2699 ille
2486 2630 2810 2702 dubitaret
2851 2689 2870 2721 ,
2923 2634 3097 2723 quod
3154 2636 3231 2701 ad
3286 2637 3555 2705 fratrem
3614 2640 4047 2726 promiserat,

1043 2732 1232 2821 Ego,
1283 2732 1495 2821 inquit
1550 2734 1808 2818 Julius,
1860 2756 1979 2820 pro
2033 2752 2315 2824 utroque
2366 2734 2758 2823 respondeo:
2819 2736 2902 2803 fic
2956 2736 3314 2802 faciemus:
3372 2756 3563 2825 atque
3615 2740 3727 2807 ista
3768 2741 4055 2829 quidem.

1041 2833 1461 2918 conditione,
1517 2835 1619 2905 vel,
1677 2852 1751 2901 ut·
1805 2833 2077 2902 verbum
2129 2837 2401 2904 nullum
2454 2838 2749 2918 facereS,
2798 2854 2903 2901 me
2960 2852 3250 2900 teneres,

1149 2936 1281 2999 Hic
1333 2935 1614 3002 Catulus
1665 2937 1928 3001 arrisit:
2003 2939 2070 3006 δε
2137 2938 2327 3003 fimul
2374 2992 2393 3023 ,
2464 2936 2727 3002 Praecisa
2771 2987 2790 3018 ,
2842 2935 3055 3022 inquit
3091 2985 3112 3016 ,
3184 2934 3346 2997 mihi
3400 2936 3664 3021 quidem
3717 2937 4055 3007 dubitatio
4130 2971 4141 2979 ·

1041 3034 1174 3119 est,
1236 3036 1555 3121 quoniam
1613 3058 1826 3125 neque
1876 3036 2052 3105 domi
2105 3040 2503 3124 imperaram
2548 3064 2567 3121 3
2624 3038 2692 3103 ὅ(
2754 3035 2857 3099 hic
2903 3085 2922 3116 ,
2974 3032 3157 3119 apud.
3198 3055 3395 3121 quem
3452 3056 3636 3101 eram
3692 3037 3959 3103 futurus
4024 3093 4055 3125 ,

1049 3136 1182 3203 fine
1241 3156 1388 3204 mea
1445 3136 1756 3204 sententia
1813 3128 2199 3205 tam'facile
2250 3136 2545 3225 promisit
2585 3188 2599 3202 .
2675 3138 2857 3201 Tum
2928 3154 3163 3200 omnes
3232 3134 3458 3201 oculos
3536 3137 3601 3201 in
3660 3138 4055 3207 Antonium.

1048 3239 1517 3315 conjecerunt-e
1579 3240 1648 3305 ὅ(
1706 3241 1874 3322 iile,·
1917 3238 2163 3306 Audite
2220 3260 2416 3323 ver0,
2468 3236 2725 3320 audite,
2778 3237 2989 3324 inquit
3030 3282 3045 3300 .
3101 3238 3467 3302 Hominem
3520 3239 3711 3306 enim
3761 3239 4042 3307 audietis

1049 3335 1132 3404 de
1191 3337 1410 3406 schola
1454 3391 1478 3423 ,
1553 3355 1750 3429 atque
1799 3363 1834 3406 a
1886 3341 2199 3430 magistro
2241 3394 2261 3424 ,
2334 3343 2405 3408 &
2462 3340 2707 3406 Graecis
2760 3339 2969 3402 literis
3021 3338 3418 3406 eruditum:
3496 3340 3565 3406 δε
3640 3359 3719 3404 eo
3770 3340 4047 3429 quidem

1056 3440 1292 3528 loquar
1348 3439 1830 3528 confidentius,
1882 3442 2055 3530 quod
2109 3442 2389 3508 Catulus
2442 3442 2694 3506 auditor
2748 3437 2997 3505 acceffit
3040 3463 3059 3522 3
3115 3442 3220 3504 cui
3276 3461 3407 3504 non
3466 3438 3680 3504 solum
3730 3463 3850 3507 nos
3905 3445 4045 3506 La-

1051 3542 1174 3606 tini
1229 3540 1546 3606 sermonis
1590 3593 1608 3624 ‚
1682 3543 1787 3608 led
1841 3545 2042 3610 etiam
2097 3545 2312 3608 Graeci
2368 3543 2482 3631 ipfi
2540 3541 2745 3607 {olent
2802 3540 2925 3605 suae
2982 3539 3221 3626 linguae
3276 3541 3691 3607 subtilitatem
3760 3539 4043 3625 elegan-

1053 3639 1348 3724 tiamque
1401 3641 1758 3706 concedere
1802 3689 1816 3704 .
1893 3643 2017 3708 Sed
2070 3661 2297 3707 tamen
2348 3695 2366 3727 ,
2416 3645 2733 3732 quoniam
2765 3640 2910 3735 ,hoc
2966 3656 3181 3708 totum
3220 3695 3239 3727 ,
3310 3641 3627 3732 quidquid
3678 3638 3816 3722 est,
3900 3639 4047 3704 sive

1063 3735 1422 3804 artificium
1461 3787 1482 3821 ‚
1534 3735 1666 3804 five
1715 3739 2018 3806 studium
2058 3741 2355 3828 dicendi,
2405 3755 2613 3830 (to)
2664 3742 2785 3810 nifi
2837 3743 3089 3809 acceffit
3140 3764 3248 3826 OS,
3302 3745 3569 3811 nullum
3622 3739 3823 3828 potest
3872 3739 4099 3826 effe3‘

3754 3845 3942 3909 doce-

1061 4031 4035 4097 -mw

1135 4170 1259 4233 (Ἰ)
1297 4173 1496 4247 Quam
1531 4171 1634 4246 ipse
1665 4179 1694 4240 )
1743 4177 1921 4235 lamb·
1975 4200 2148 4255 quam
2182 4181 2287 4254 ipse
2338 4185 2404 4242 de
2429 4183 2489 4257 se
2590 4182 2845 4256 praeclare
2879 4180 2944 4236 ad
2983 4177 3119 4236 hanc
3161 4197 3271 4234 rem
3310 4172 3465 4238 facit,
3491 4169 3634 4240 quod
3672 4169 4065 4241 Cl.Spanhe.-,

1067 4240 1313 4309 ‘'75'‘121'81'
1349 4243 1524 4296 vellet
1542 4265 1562 4304 ὁ
1595 4265 1700 4322 quv
2590 4274 2723 4314 mius
2775 4253 2835 4309 in
2889 4250 2983 4307 su'o
3050 4250 3268 4306 tractatu
3324 4244 3389 4300 de
3444 4248 3525 4302 Re
3582 4245 3888 4299 Nummaria
3940 4248 4049 4304 ob-

1141 4317 1258 4376 (8)
1303 4310 1588 4384 Rerfmm)
1623 4319 1714 4376 De
1749 4339 1856 4391 quo
1890 4320 1952 4379 in
1989 4323 2201 4392 Bruto,
2246 4345 2361 4399 cap.
2400 4339 2509 4383 26..
2604 4325 2849 4383 servavit
2880 4365 2895 4386 ‚
2948 4340 3143 4392 nempe
3178 4315 3472 4397 s-,rpiffignss
3510 4331 3832 4384 PYJ-*smmssfl
3888 4319 4047 4398 post,-

1067 4383 1254 4440 ldssm·
2606 4397 2743 4470 poni
2798 4393 3015 4451 nomini
3074 4410 3244 4458 gentis
3284 4409 3296 4442 :
3356 4397 3421 4443 lic
3462 4407 3517 4444 iu
3561 4389 3633 4441 Di
3662 4383 3838 4453 ›nysio
3880 4389 4047 4445 Halt-

1143 4459 1264 4523 (9)
1303 4455 1530 4513 Delium
1567 4465 1854 4539 Decimum
1892 4466 2056 4528 volo)
2095 4465 2333 4534 Nescio,
2371 4487 2507 4524 con-
2605 4489 2752 4526 carn.
2788 4465 2944 4522 habes
2982 4457 3173 4523 Πῗσων
3210 4456 3469 4531 Aetnae.
3507 4463 3557 4513 ὅ(
3594 4459 3796 4538 soff&
3816 4459 4043 4534 suffag,

1067 4522 1320 4590 sultone,
1357 4545 1426 4580 :m
1454 4547 1725 4588 errore-iu
1751 4533 1976 4604 vulgatis
2007 4537 2331 4596 editionibus
2361 4559 2511 4596 com-
2608 4540 2716 4596 l.2.
2756 4535 2949 4604 Antiq.
2987 4541 3381 4594 Romanarum·
3419 4528 3584 4600 Apud
3626 4534 3867 4588 D¹0¹¹Cm
3902 4553 4045 4604 <1⁰0-

1067 4615 1148 4654 ma
1197 4596 1594 4676 posi-Latium
1647 4621 1878 4676 ponatur
1920 4647 1935 4661 .
1988 4611 2120 4664 Tam
2171 4609 2508 4666 maiust-stum
2606 4631 2711 4682 que
2737 4651 2752 4674 ‚
2790 4605 3067 4678 ipsumque
3104 4607 3439 4664 Ciceronem
3480 4621 3573 4680 »fir-
3620 4603 3761 4658 idem
3800 4601 4047 4662 dofihffr-

1073 4687 1207 4724 vero
1249 4686 1445 4724 Vitium
1483 4673 1804 4751 non-palliis
1843 4675 1952 4732 sum
1993 4678 2194 4741 diutius
2233 4681 2502 4736 Ciceroni
2606 4701 2719 4738 mus
2754 4677 3071 4735 observavit
3124 4679 3351 4750 pai-ilem
3390 4674 3601 4734 ordinis
3654 4676 4043 4734 mutationem·

1069 4737 1470 4820 adhaeresce-re.
1507 4747 1732 4822 Qippe
1787 4745 1992 4825 Cicero
2033 4745 2265 4816 singulos
2323 4750 2505 4820 fingu-
2608 4757 2783 4811 Porro
2818 4749 3087 4819 Onuphr.
3125 4749 3424 4807 panvinius
3481 4747 3537 4803 iu
3584 4747 3723 4802 libro
3760 4745 3827 4802 de
3870 4749 4041 4805 Nom·

1071 4809 1136 4891 lis
1174 4829 1444 4882 opponit,
1487 4815 1776 4870 Decimum
1815 4819 2030 4874 Pei-1103
2069 4819 2326 4890 additque
2369 4823 2505 4878 rela-
2606 4829 2838 4883 Roman.
2893 4819 3025 4878 dicit
3084 4821 3137 4878 se
3192 4819 3371 4891 legifl'e
3428 4819 3715 4877 Manlium
3774 4826 3998 4875 Cnaeum
4027 4856 4044 4875 ο

1069 4900 1246 4960 tivum
1284 4901 1480 4956 quem,
1520 4903 1630 4962 non
1669 4903 1798 4958 quos
1825 4923 1838 4939 .
1878 4887 2094 4944 Omnes
2138 4901 2348 4949 veteres
2384 4893 2505 4949 edi-
2604 4902 2750 4962 Ergo
2788 4893 2982 4951 Laelncs
3006 4899 3260 4951 Decimus
3300 4893 3441 4950 idem
3484 4893 3657 4956 valet»
3696 4909 3751 4946 π
3788 4895 4043 4948 Decimffl'

1065 4969 1245 5009 tiones
1283 4971 1550 5033 omittunt
1599 4953 1742 5011 istud
1777 4975 1978 5012 comma
2013 4981 2027 5013 ε
2071 4961 2128 5014 in
2167 4965 2279 5041 quo
2311 4962 2505 5019 delen·
2606 4966 2800 5021 Lalms
2826 5006 2841 5019 .
2882 4969 3151 5022 Pearcius.
3562 5013 3570 5021 .

1071 5021 1148 5080 do
1185 5021 1330 5080 nihil
1367 5023 1516 5080 dubii
1551 5024 1660 5081 est.
1698 5026 1882 5086 Restat
1921 5047 2093 5086 tamen
2127 5031 2259 5088 alius
2298 5035 2501 5092 nodus:
2677 5042 2833 5116 (ιο)
2874 5034 2997 5112 Nisi
3028 5037 3233 5110 acceffit
3270 5043 3365 5102 os)
3401 5038 3489 5096 Os
3528 5036 3583 5094 in
3623 5032 3731 5096 hoc
3772 5033 4051 5096 lococon-

1073 5091 1332 5170 nusquam
1379 5094 1531 5156 enim
1585 5103 1842 5158 Decimus
1897 5119 2205 5174 cognomen
2254 5105 2363 5164 cst.
2402 5103 2507 5166 Sed
2602 5103 2918 5177 fidentiam)
2956 5111 3223 5174 audaciam
3258 5116 3315 5170 δε
3350 5109 3741 5185 impudentiam
3782 5109 4059 5237 qul-[tudam

1122 5193 1135 5216 ι
3862 5200 3973 5264 18³7.
