4359 6321
1177 516 1500 645 ’,53
1739 495 1745 508 ’
1929 504 2174 601 DE
2286 482 3261 587 ORATORE

1076 674 1214 727 tem
1265 646 1614 728 subtilius,⁴
1657 648 1862 726 quam
1909 646 2163 711 acutae,
2212 604 2587 705 cr'ebraeque·
2636 609 2964 725 sententiae
3001 610 3030 674 i
3082 606 3251 697 q'uid‘
3294 604 3741 729 admirabilius
3787 666 3808 701 ‚
3856 628 4067 710 ‘quam

1077 777 1180 825 res
1235 748 1580 840 splendore
1633 730 1955 815 illustrata
2008 720 2423 798 verborum?
2470 714 2628 805 quid
2682 712 2939 828 plenius
2980 760 3001 793 ‚
3052 726 3259 825 quarn
3306 729 3495 777 omni
3549 734 3771 783 rerum
3829 746 4067 812 genere

1075 853 1417 925 cumulata
1468 840 1734 913 oratio?
1792 838 2024 924 Neque
2074 826 2257 896 enim
2312 818 2451 886 ulla
2500 836 2633 884 non
2686 830 2937 902 propria
2989 812 3384 883 oratorisest
3428 836 3573 911 tes,
3622 846 3762 915 ΨΜ
3798 832 4067 916 quidem

1069 969 1306 1029 ornate
1357 949 1488 1017 dici
1545 940 1963 1035 graviterque
2015 928 2279 997 debeat.

1181 1060 1301 1125 lx.
1358 1050 1580 1127 Hujus
1631 1042 1724 1110 est
1773 1042 1844 1106 in
1898 1031 2118 1102 dando
2168 1020 2441 1094 consilio
2495 1020 2574 1087 de
2641 1018 2952 1086 maximis
3004 1018 3199 1087 rebus
3248 1042 3411 1089 cum
3480 1027 3807 1117 &gustate
3856 1034 4061 1123 expli-

1071 1174 1220 1229 cata
1271 1150 1624 1224 sententia:
1669 1133 1970 1219 eiusdem
2025 1136 2091 1202 &
2153 1124 2531 1214 languentis
2584 1120 2805 1211 populi
2856 1120 3152 1188 incitatio
3189 1173 3208 1207 ,
3286 1127 3357 1193 ἃ
3416 1127 3713 1197 effrenati
3768 1133 4063 1203 modera-

1074 1261 1206 1323 tio,
1261 1252 1505 1317 Eadem
1559 1238 1876 1312 facultate
1933 1236 2000 1305 &
2065 1233 2247 1297 fraus
2302 1227 2655 1293 hominum
2709 1224 2792 1288 ad
2844 1224 3241 1310 perniciem,
3296 1228 3373 1296 δε
3432 1228 3780 1319 integritas
3813 1235 3912 1301 -ad
3968 1236 4059 1303 sa-

1070 1360 1292 1425 lutem
1343 1346 1615 1419 vocatur
1655 1399 1673 1419 .
1751 1340 1929 1427 Quis
1976 1328 2301 1401 cohortari
2376 1326 2459 1391 ad
2518 1327 2835 1391 virtutem
2886 1324 3217 1396 ardentius
3258 1380 3278 1413 ‚
3326 1331 3475 1420 quis
3525 1350 3564 1399 a
3625 1334 3799 1400 vitiis
3850 1338 4059 1407 acrius

1068 1471 1379 1523 revocare
1416 1502 1440 1535 ,
1507 1448 1653 1540 quis
1705 1445 2074 1527 vituperare
2125 1426 2458 1521 improbos
2509 1426 2795 1516 asperius
2837 1481 2857 1513 ,
2924 1433 3069 1521 quis
3118 1427 3391 1499 laudare
3444 1430 3649 1502 bonos
3696 1436 3985 1504 ornatius
4036 1488 4064 1525 ,

1066 1557 1216 1647 quis
1268 1552 1698 1637 cupiditatem
1761 1535 2225 1608 vehementius
2279 1532 2586 1620 frangere
2637 1530 3012 1601 accusando
3064 1532 3313 1621 potest?
3365 1534 3911 1625 quis.‘moerorem
3962 1540 4057 1605 le-

1065 1674 1226 1725 vare
1281 1652 1505 1718 mitius
1557 1638 1998 1716 consolando?
3288 1647 3291 1653 '
3556 1731 3563 1737 ι

1171 1752 1462 1822 Historia
1517 1770 1674 1817 vero
1725 1742 1898 1813 testis
1953 1758 2323 1826 temporum
2366 1788 2385 1820 ,
2452 1735 2573 1801 lux
2652 1735 2945 1803 veritatis
2986 1789 3006 1820 ‚
3076 1737 3210 1803 vita
3278 1739 3615 1805 memoriae
3649 1791 3669 1823 ,
3739 1740 4059 1827 magistra.

1065 1856 1215 1922 vitae
1253 1906 1275 1938 ‚
1327 1853 1562 1923 nuntia
1617 1846 1948 1916 vetustatis
1987 1896 2007 1929 ,
2075 1860 2207 1929 qua
2260 1859 2419 1904 voce
2497 1837 2626 1901 alia
2667 1888 2691 1920 ‚
2762 1837 2883 1902 nifi
2936 1838 3215 1903 oratoris
3252 1889 3272 1922 ,
3337 1837 3817 1906 immortalitati
3858 1856 4063 1908 'com‘-

1065 1953 1472 2021 mendatut?
1535 1954 1714 2018 Nam
1769 1946 1816 2014 fi
1867 1964 1998 2037 qua
2049 1942 2142 2008 est
2196 1960 2301 2004 ars
2359 1937 2525 2023 alia,
2575 1960 2719 2025 quae
2776 1937 3179 2024 verborum,
3230 1952 3344 2003 aut
3399 1939 3898 2024 faciendorum,
3942 1958 4063 2009 aut

1063 2056 1572 2141 deligendorum
1626 2048 1962 2118 scientiam
2015 2040 2399 2129 profiteatur
2438 2060 2457 2099 ι
2526 2054 2641 2102 aut
2695 2036 2742 2103 fi
2796 2038 3141 2127 quisquam
3193 2038 3437 2107 dicitur
3474 2095 3494 2126 ,
3565 2041 3686 2109 nisi
3752 2058 3981 2108 orator
4024 2090 4057 2127 ³

1067 2154 1354 2223 formare
1405 2154 1819 2233 orationem,
1871 2160 2148 2231 eamque
2202 2140 2503 2221 variare,
2556 2140 2627 2205 &
2688 2137 3085 2229 distinguere
3136 2138 3315 2230 quasi
3382 2142 3771 2231 quibusdam
3830 2144 4055 2213 verbo·-

1063 2278 1216 2322 rum
1273 2255 1880 2339 sententiarumque
1951 2240 2370 2332 insignibus:
2443 2253 2554 2303 aut
2606 2238 2655 2309 fi
2711 2240 2817 2307 via
2868 2244 3007 2309 ulla
3046 2292 3067 2327 ,
3136 2243 3259 2308 nist
3308 2240 3385 2309 ab
3436 2245 3563 2313 hac
3632 2266 3767 2310 una
3840 2262 3979 2312 arte
4014 2264 4061 2330 5

1059 2358 1390 2443 traditur,
1441 2370 1556 2423 aut
1609 2364 2203 2440 argumentorum,
2256 2359 2369 2411 aut
2421 2343 2937 2426 sententiarum,
2990 2357 3101 2408 aut
3150 2342 3429 2435 denique
3478 2344 3920 2431 descriptionis
3958 2361 4055 2413 at-

1059 2478 1188 2545 que
1239 2444 1482 2523 ordinis
1523 2482 1538 2521 :
1612 2453 1945 2517 fateamur
2003 2460 2118 2511 aut
2171 2445 2297 2507 hoc
2341 2494 2361 2527 ‚
2427 2440 2603 2529 quod
2656 2441 2795 2509 haec
2850 2463 2959 2508 ars·
3004 2442 3387 2532 profiteatur
3424 2498 3450 2533 ,
3500 2449 3795 2516 alienum
3842 2448 3979 2518 esse
4033 2502 4059 2539 ,

1057 2572 1172 2623 aut
1223 2557 1284 2619 ei
1335 2576 1494 2622 cum
1547 2552 1766 2635 aliqua
1817 2548 1948 2611 alia
1999 2558 2139 2608 arte
2190 2540 2329 2608 esse
2378 2562 2777 2612 commune.

1158 2652 1329 2735 Sed,
1385 2650 1429 2738 {j
1483 2654 1551 2716 in
1604 2648 1730 2711 hac
1784 2666 1914 2713 una
1967 2642 2056 2711 est
2107 2662 2187 2707 ea
2242 2642 2412 2709 ratio
2469 2662 2665 2731 atque
2716 2645 3062 2713 doctrina.-
3118 2668 3305 2735 non,
3354 2648 3401 2717 fi
3451 2652 3561 2740 qui
3611 2651 3898 2723 aliarum
3948 2675 4059 2722 ar..

1057 2754 1231 2821 tium
1283 2747 1442 2816 bene
1497 2746 1708 2814 locuti
1763 2744 1913 2812 sunt
1953 2798 1973 2829 ,
2040 2764 2118 2809 eo
2173 2742 2395 2809 minus
2462 2744 2532 2809 id
2604 2746 2695 2811 est
2746 2746 2950 2821 hujus
2998 2751 3195 2819 unius
3262 2756 3601 2836 proprium
3640 2800 3661 2817 .
3731 2756 3853 2821 Sed
3891 2809 3914 2841 ,Α
3980 2766 4061 2825 ut

1059 2870 1279 2921 orator
1331 2850 1412 2917 de
1465 2850 1542 2915 iis
1595 2844 1784 2913 rebus
1825 2902 1845 2933 ‚
1917 2868 2056 2932 quae
2111 2859 2501 2909 caeterarum
2556 2848 2806 2909 artium
2860 2843 3011 2910 sunt
3053 2898 3074 2929 ,
3144 2848 3191 2911 fi
3247 2851 3444 2913 modo
3509 2870 3621 2915 eas
3672 2856 3979 2937 cognorit
4036 2910 4067 2943 ,

1063 2966 1088 3037 (
1147 2970 1220 3015 ut
1271 2952 1409 3017 heri
1463 2945 1742 3014 Crassus
1792 2947 2038 3013 dicebat
2102 2954 2126 3029 )
2179 2943 2421 3029 optime
2476 2943 2675 3032 potest
2726 2944 2940 3007 dicere
2986 2966 3006 3004 ι.
3056 2945 3583 3037 iic-caeterarum
3640 2953 3879 3016 artium
3932 2957 4065 3022 ho..

1061 3051 1272 3120 mines
1326 3049 1624 3116 ornatius
1674 3048 1791 3113 illa
1867 3046 1981 3115 sua
2049 3044 2283 3111 dicunt
2324 3097 2347 3129 ,
2414 3044 2460 3110 fi
2516 3041 2671 3133 quid
2742 3041 2821 3107 ab
2890 3042 3013 3109 hac
3090 3062 3231 3110 arte
3298 3044 3669 3114 didicerunt
3726 3098 3751 3113 ..
3818 3056 4061 3142 Neque

1065 3152 1246 3222 enim
1299 3149 1348 3218 fi
1398 3149 1482 3218 de
1557 3150 1806 3218 rusticis
1863 3146 2055 3217 rebus
2107 3147 2401 3235 agricola
2464 3138 2850 3236 quispiam,
2920 3160 3035 3212 aut
3084 3146 3287 3214 etiam
3320 3201 3340 3234 ‚
3412 3147 3477 3216 id
3548 3154 3723 3242 quod
3777 3154 3975 3221 multi
4030 3160 4062 3240 3

1065 3253 1364 3320 medicus
1418 3252 1496 3318 de
1549 3253 1794 3321 morbis
1838 3307 1857 3336 ‚
1927 3265 2041 3320 aut
2109 3250 2193 3317 de
2259 3250 2595 3337 pingendo
2669 3246 2875 3334 pistor
2955 3248 3188 3335 aliquis
3256 3248 3497 3318 diserte
3562 3252 3805 3320 dixerit
3847 3306 3866 3339 ,
3933 3273 4053 3323 aut

1065 3353 1450 3442 scripserit,
1526 3354 1772 3426 idcireo
1823 3355 2004 3422 illius
2075 3352 2241 3418 artis
2290 3348 2583 3438 putanda
2638 3349 2717 3416 sit
2766 3350 3137 3437 eloquentia
3180 3375 3196 3414 ε
3249 3353 3315 3418 in
3368 3374 3496 3440 qua
3550 3357 3707 3444 quia
3760 3358 3861 3421 vis
3906 3376 4051 3422 ma·

1067 3476 1202 3543 gna
1253 3457 1357 3523 est
1401 3458 1468 3523 in
1521 3458 1876 3526 hominum
1929 3455 2259 3545 ingenii5‚
2307 3473 2383 3520 eo
2409 3452 2603 3522 multi
2656 3448 2859 3518 etiam
2912 3451 3045 3516 sine
3082 3451 3383 3523 doctrina
3434 3454 3687 3543 aliquid
3739 3460 4051 3524 omnium

1067 3577 1390 3643 generum
1443 3573 1635 3648 atque
1690 3562 1934 3626 artium
1984 3556 2514 3644 consequuntur:
2573 3551 2724 3639 sed,
2774 3551 2950 3644 quod
3003 3552 3320 3644 cujusque
3372 3554 3445 3620 fit
3496 3559 3877 3644 proprium,
3924 3557 4049 3622 etii

1066 3673 1151 3719 ex
1205 3673 1286 3717 eo
1339 3658 1620 3730 judicari
1679 3660 1880 3745 potest
1919 3711 1942 3745 ,
2011 3680 2167 3727 cum
2226 3657 2461 3726 videris
2513 3656 2671 3747 quid
2725 3677 2995 3746 quaeque
3044 3653 3323 3726 doceant
3363 3711 3384 3745 ‚
3458 3673 3679 3722 tamen
3732 3658 3853 3727 hoc
3906 3677 4050 3724 cer-

1069 3755 1197 3822 tius
1251 3752 1416 3820 nihil
1473 3755 1610 3822 esse
1659 3759 1859 3846 potest
1897 3811 1918 3844 ‚
1987 3780 2193 3850 quam
2248 3759 2425 3848 quod
2478 3777 2712 3826 omnes
2763 3775 2938 3824 artes
3008 3758 3150 3824 alise
3208 3758 3339 3824 fine
3407 3760 3779 3847 eloquentia
3850 3757 4049 3826 suum

1071 3875 1317 3925 munus
1365 3857 1662 3944 praestare
1714 3857 2023 3946 possunt,
2074 3875 2290 3928 orator
2344 3855 2479 3927 'fine
2534 3882 2608 3926 ea
2664 3877 2903 3922 nornen
2961 3857 3153 3922 suum
3202 3857 3493 3933 obtinere
3567 3879 3698 3925 non
3772 3859 3973 3948 potest
4026 3881 4047 3922 τ

1068 3971 1142 4022 ut
1191 3959 1445 4044 caeteri,
1499 3959 1544 4026 fi
1597 3958 1813 4027 diserti
1875 3961 2040 4048 sint,
2091 3960 2344 4050 aliquid
2398 3961 2476 4026 ab
2528 3961 2655 4026 hoc
2706 3956 3027 4041 habeant3
3078 3956 3188 4024 hic
3238 3957 3355 4025 nili
3396 3958 3772 4027 domesticis
3828 3960 3891 4026 se
3948 3963 4053 4025 in-

1001 4072 1009 4080 '
1073 4057 1378 4124 struxerit
1431 4061 1678 4148 copiiS,
1735 4061 2005 4130 aliunde
2054 4061 2315 4132 dicendi
2368 4063 2625 4149 copiam
2681 4073 2895 4148 petere
2948 4078 3077 4121 non
3129 4059 3351 4142 poffit.

1173 4162 1256 4224 X.
1312 4161 1496 4228 Tum
1545 4162 1866 4250 Catulus,
1921 4166 2045 4231 Etfi
2091 4219 2110 4250 ,
2162 4163 2377 4251 inquit
2416 4215 2437 4247 ‚
2492 4159 2807 4244 Antoni,
2878 4157 3151 4226 minime
3201 4157 3661 4244 impediendus
3705 4154 3797 4220 est
3847 4156 4055 4224 inter-

1069 4257 1424 4346 pellatione
1477 4261 1588 4330 iste
1637 4262 1872 4334 cursus
1923 4267 2233 4332 orationis
2286 4280 2449 4350 tuae‚
2502 4264 2749 4350 patiere
2800 4275 3064 4345 tamen,
3116 4259 3405 4348 mihique
3457 4258 3757 4347 ignosces
3794 4303 3811 4321 .
3886 4259 4052 4322 Non

1057 4360 1250 4426 ‘enim
1303 4361 1570 4449 possum
1609 4417 1630 4450 ,
1695 4367 1854 4453 quin
1890 4367 2281 4455 ‚exclamem
2321 4419 2341 4452 ,
2394 4376 2593 4454 (η)
2646 4381 2722 4430 ut
2774 4363 2863 4428 ait
2916 4362 3029 4430 ille
3082 4359 3151 4426 in
3205 4363 3611 4430 Trinummo
3646 4381 3668 4422 ι
3742 4361 3823 4426 ita
3879 4359 4052 4428 mihi

1073 4460 1213 4526 vim
1263 4466 1548 4534 oratoris·
1584 4487 1744 4532 cum
1795 4471 2162 4555 exprimere
2216 4467 2527 4535 subtiliter
2597 4463 2776 4533 visus
2824 4485 2892 4534 es
2932 4517 2953 4550 ‚
3024 4480 3167 4531 tum
3238 4463 3506 4531 laudare
3554 4461 3971 4548 copiofiffime
4029 4494 4044 4510 ·

1065 4563 1242 4650 quod
1291 4565 1577 4658 quidem
1613 4569 2044 4655 eloquentem
2093 4569 2206 4638 vel
2251 4572 2493 4658 optime
2545 4567 2761 4637 facere
2812 4581 3129 4656 oportet„
3160 4579 3237 4632 ut
3283 4565 3727 4658 eloquentiam
3778 4523 4048 4631 laudet?

3812 4669 3945 4734 De-

1071 4853 3962 4908 m

1082 5104 1093 5114 .
1145 5043 1175 5102 (
1201 5047 1309 5123 ῐὲ.)
1369 5053 1448 5103 Ut
1485 5054 1575 5106 ait
1621 5026 1842 5108 ille-in
1885 5057 2217 5114 Trinummo
2248 5061 2278 5122 )
2330 5055 2423 5117 Ut
2462 5056 2550 5115 ait.
2590 5054 2775 5118 servus
2826 5056 2889 5120 in
2940 5054 3205 5118 comoedia
3253 5051 3433 5117 Plauti
3455 5093 3492 5124 ,r
3528 5068 3655 5128 ‹19ae
3696 5046 4057 5112 trinummus'

1077 5109 1388 5174 inscribitur
1417 5160 1434 5185 ,
1470 5123 1586 5180 actu
1622 5125 1738 5186 111·
1775 5125 1858 5182 Sc·
1894 5147 1966 5184 2η-
1987 5127 2250 5196 vers-78·
