4359 6321
785 441 1433 536 ‘LIBER
1552 444 2487 542 TERTIUS,
2907 469 3066 569 25,

180 564 517 657 aliquanto
566 556 853 648 spiffius,
900 576 1017 627 aut
1068 560 1115 631 fi
1162 581 1295 649 ego
1346 558 1494 629 sum
1544 560 1815 629 tardior
1852 616 1875 650 ‚
1924 566 2214 651 profecto
2265 590 2610 661 nunquam
2660 571 3126 662 conquiescam
3165 632 3192 671 ,

178 659 857 757 nequedefatigabor
932 678 1087 729 ante
1126 712 1151 747 ,
1218 680 1424 752 quam
1494 660 1773 729 illorum
1846 668 2158 755 ancipites
2235 673 2376 739 vias
2447 672 2856 766 rationesque
2927 678 3000 747 &
3071 702 3192 767 pro

190 765 539 850 omnibus,
600 766 669 833 δε
723 777 958 831 contra
1006 763 1233 831 omnia
1288 760 1705 851 disputandi,
1758 786 2151 855 percepero.
2245 836 2252 841 ,
2760 838 2768 843 ,

278 872 481 935 Tum
526 862 785 949 Caesar,
834 866 1117 950 Unum,
1162 863 1426 951 inquit,
1476 884 1585 931 me
1631 885 1719 931 ex
1772 883 1889 935 tuo
1940 866 2587 945 sermone.maxime
2629 930 2652 965 ‚
2700 878 2958 965 Craffe,
3005 902 3192 951 com.

176 970 395 1041 movit
439 1020 463 1055 ,
532 963 707 1057 quod
752 984 913 1035 eum
963 962 1217 1052 negasti
1259 1015 1280 1050 ,
1346 964 1461 1053 qui
1510 986 1649 1033 non
1698 968 1837 1035 cito
1885 970 2043 1059 quid
2098 970 2414 1043 didicisset
2454 1027 2475 1062 ,
2551 1001 2846 1069 unquam
2916 984 3194 1051 omnino

183 1074 344 1162 posse
410 1066 827 1159 perdistere:
880 1082 958 1133 ut
1013 1064 1177 1133 mihi
1226 1084 1363 1131 non
1394 1064 1471 1131 fit
1524 1064 1793 1137 difficile
1844 1070 2246 1158 periclitari,
2297 1075 2369 1143 δε
2427 1092 2542 1145 aut
2595 1079 2810 1149 statim
2859 1084 3195 1171 percipere

180 1174 329 1258 ista,
386 1194 535 1261 quae
586 1184 661 1238 tu
716 1164 929 1237 verbis
985 1164 1069 1233 ad
1122 1165 1366 1234 caelum
1416 1166 1749 1255 extulisti3
1803 1186 1961 1257 aut,
2014 1170 2060 1236 fi
2110 1193 2244 1243 non
2295 1176 2624 1261 potuerim
2665 1230 2690 1268 ,
2741 1196 3000 1270 tempus
3049 1206 3190 1255 non

178 1272 497 1363 perdere,
546 1289 705 1342 cum
760 1284 985 1338 tamen
1034 1268 1141 1335 his
1192 1265 1429 1335 nostris
1483 1267 1708 1355 poffim
1756 1270 1883 1337 effe
1930 1288 2322 1360 contentus.

284 1377 423 1445 Hic
478 1371 849 1460 SulpiciuS,
899 1373 1049 1459 Ego
1102 1389 1298 1453 vero,
1348 1369 1565 1457 inquit
1606 1420 1627 1455 ,
1678 1370 1895 1441 Cralse
1929 1425 1951 1458 ,
2002 1395 2214 1465 neque
2267 1376 2692 1449 Aristotelem
2742 1380 2942 1449 istum
2997 1432 3020 1465 ‚
3071 1400 3188 1451 ne-

174 1497 307 1563 que
360 1474 770 1542 Carneadem
808 1524 831 1559 ,
880 1492 999 1540 nec
1052 1467 1597 1560 philosophorum
1650 1494 2062 1564 quemquam
2110 1473 2406 1543 defidero
2447 1502 2465 1543 ε
2519 1480 2624 1546 vel
2679 1502 2788 1549 me
2836 1485 2997 1552 lIcet
3049 1484 3190 1551 exi.

178 1576 407 1643 stimes
458 1572 794 1661 desperare
846 1573 1017 1663 poss'e
1068 1572 1183 1640 ista
1238 1569 1649 1660 perdiscere,
1704 1574 1855 1659 vel,
1904 1572 1971 1641 id
2020 1575 2196 1666 quod
2250 1575 2426 1643 facio
2465 1626 2486 1660 ,
2537 1597 2998 1650 contemnere.
3051 1584 3202 1649 Mi.

181 1677 261 1745 hi
316 1696 545 1745 rerum
597 1674 1003 1762 forenfium,
1054 1678 1122 1745 δε
1182 1676 1649 1743 communium
1707 1676 2009 1765 vulgaris
2048 1679 2188 1745 haec
2235 1674 2528 1764 cognitio
2581 1676 2738 1745 satis
2789 1702 3040 1770 magna
3091 1682 3188 1755 est

176 1774 265 1843 ad
316 1797 469 1843 eam
506 1830 527 1863 ,
576 1799 776 1867 quam
832 1776 1043 1866 speSto
1076 1828 1101 1861 ‚
1148 1774 1599 1869 eloquentiam
1639 1804 1665 1863 ,-
1716 1798 1797 1845 ex
1856 1797 1987 1867 qua
2038 1777 2171 1866 ipsa
2228 1794 2455 1846 tamen
2507 1783 2838 1867 permulta
2895 1782 3114 1852 nescio
3161 1808 3189 1853 .-

182 1898 331 1965 quae
384 1896 535 1947 tum
586 1878 867 1967 denique
908 1930 927 1962 ,
995 1897 1154 1946 cum
1205 1876 1403 1945 causa
1458 1878 1677 1966 aliqua
1716 1931 1739 1966 ,
1805 1900 1947 1967 quae
1996 1898 2036 1945 a
2085 1900 2195 1947 me
2245 1878 2522 1947 dicenda
2571 1878 2665 1947 est
2701 1932 2726 1967 ,
2773 1882 3097 1959 defiderat
3163 1937 3188 1973 ,

182 1999 451 2065 quaero,
506 1978 1001 2065 Quamobrem,
1048 1978 1170 2043 nifi
1224 1978 1397 2043 forte
1450 1998 1521 2043 es
1576 1980 1709 2056 jam
1760 1976 2041 2048 defessus
2076 2034 2099 2066 ,
2154 1981 2275 2064 δε,
2325 1980 2372 2045 fi
2428 1978 2541 2048 tibi
2593 2002 2729 2048 non
2783 2004 3023 2070 graves
3082 1984 3188 2053 su-

182 2098 391 2163 mac,
436 2080 605 2145 refer
656 2081 737 2145 ad
786 2080 904 2149 illa
957 2096 1019 2145 te
1054 2132 1077 2165 ‚
1125 2100 1269 2167 quae
1320 2075 1404 2145 ad
1458 2077 1655 2163 ipfius
1706 2081 2019 2148 orationis
2071 2077 2341 2145 laudem
2393 2077 2940 2173 splendoremque
2988 2085 3188 2171 perti·

183 2196 403 2252 nent:
473 2202 619 2269 quae
666 2202 791 2268 ego
858 2202 945 2247 ex
1018 2198 1082 2247 te
1130 2178 1358 2246 audire
1420 2179 1600 2245 volui
1636 2232 1659 2265 ‚
1728 2202 1863 2247 non
1932 2198 2005 2249 ut
2074 2178 2486 2267 desperarem
2556 2202 2665 2250 me
2730 2184 3186 2275 eloquentiam

183 2277 501 2368 consequi
556 2282 760 2367 posse,
812 2280 919 2348 sed
971 2298 1046 2348 ut
1098 2279 1347 2369 aliquid
1400 2278 1837 2347 addiscerem.

202 2424 215 2431 -
290 2384 653 2449 XXXVII.
704 2385 893 2449 Tum
942 2381 1203 2449 crassus
1243 2434 1265 2466 ,
1334 2382 1737 2470 Pervulgata
1808 2402 1909 2449 res
1958 2380 2304 2472 requiriS,
2371 2381 2585 2474 inquit
2625 2432 2648 2465 ‚
2715 2384 2787 2451 δε
2862 2382 2978 2451 tibi
3053 2402 3192 2453 non

184 2484 559 2571 incognitas
596 2539 621 2570 ,
672 2484 919 2573 Sulpici
962 2532 978 2551 .
1043 2483 1213 2570 Qis
1262 2482 1445 2548 enim
1494 2479 1579 2548 de
1632 2482 1753 2551 isto
1800 2503 2042 2573 genere
2116 2503 2252 2550 non
2304 2481 2530 2551 docuit
2567 2532 2592 2565 ,
2657 2502 2794 2547 non
2841 2482 3124 2551 instituit
3169 2535 3198 2571 ,

182 2606 321 2653 non
376 2586 577 2649 etiam
634 2582 953 2673 scriptum
1008 2584 1322 2673 reliquit?
1381 2582 1505 2649 Sed
1558 2604 1795 2671 geram
1848 2604 2149 2668 morem,
2207 2584 2278 2648 δε
2334 2602 2411 2647 ea
2451 2581 2826 2665 duntaxat,
2875 2605 3018 2670 quae
3067 2585 3200 2650 mi-

180 2684 257 2753 hi
310 2703 467 2751 nota
524 2683 671 2751 sunt
712 2738 733 2771 ‚
782 2686 1061 2761 breviter
1112 2702 1449 2772 exponam
1501 2684 1680 2750 tibi:
1736 2683 2014 2753 censebo
2064 2700 2294 2747 tamen
2349 2680 2429 2745 ad
2476 2702 2587 2748 eos
2625 2732 2650 2767 ,
2720 2683 2834 2770 qui
2890 2683 3194 2751 auitores

184 2789 257 2857 &
320 2786 707 2853 inventores
760 2784 909 2851 sunt
960 2786 1201 2851 harum
1261 2782 1414 2849 sane
1464 2784 1879 2851 minutarum
1932 2804 2198 2867 rerum,
2249 2782 2758 2849 revertendum.

286 2890 533 2953 Omnis
581 2889 787 2975 igitur
838 2886 1047 2953 oratio
1114 2880 1469 2951 conficitur
1536 2904 1621 2951 ex
1680 2885 1955 2953 verbis:
2030 2902 2326 2973 quorum
2405 2883 2700 2971 primum
2769 2880 2956 2949 nobis
3022 2884 3197 2951 ratio

184 2988 567 3077 fimpliciter
625 2987 909 3054 videnda
958 2984 1053 3051 est
1104 3038 1124 3069 ‚
1162 2983 1400 3049 deinde
1452 2984 1806 3063 conjunste
1848 3033 1865 3050 .
1920 2988 2100 3051 Nam
2148 2981 2242 3049 est
2289 2984 2562 3073 quidam
2615 3000 2891 3053 ornatus
2947 2984 3194 3053 oratio-

186 3093 295 3160 nis
338 3143 361 3174 ‚
426 3090 537 3178 qui
592 3110 675 3152 ex
732 3088 1009 3175 singulis
1062 3084 1275 3151 verbis
1326 3082 1415 3149 est
1458 3110 1479 3172 3
1547 3088 1719 3155 alius
1762 3138 1782 3172 ,
1850 3086 1965 3176 qui
2026 3106 2114 3151 ex
2166 3086 2566 3153 continuatis
2604 3136 2626 3172 ,
2692 3083 3194 3174 conjunctisque

184 3190 481 3262 constat.
533 3190 715 3272 Ergo
764 3205 1031 3252 utemur
1092 3183 1306 3248 verbis
1362 3201 1473 3248 aut
1526 3187 1649 3272 iis,
1698 3210 1840 3274 quae
1892 3189 2152 3271 propria
2203 3185 2358 3252 sunt
2411 3237 2432 3270 ,
2487 3188 2557 3254 &
2613 3203 2791 3254 certa
2843 3187 3023 3274 quast
3086 3207 3202 3254 vo·

190 3287 439 3358 cabula
494 3304 759 3366 rerum,
812 3303 979 3370 pene
1036 3300 1173 3345 una
1226 3293 1383 3341 nata
1437 3303 1597 3347 cum
1649 3284 1847 3348 rebus
1882 3285 2088 3368 'ipfisz
2140 3302 2254 3348 aut
2295 3286 2416 3367 iis,
2463 3305 2608 3368 quae
2647 3285 3198 3368 transferuntur,

196 3393 271 3460 &
328 3385 510 3477 quafi
569 3382 785 3451 alieno
854 3375 926 3451 in
980 3379 1131 3448 loco·
1177 3376 1593 3448 collocantur
1640 3403 1657 3445 ε
1728 3396 1843 3447 aut
1892 3381 1974 3448 iis
2014 3431 2033 3465 ‚
2102 3399 2248 3466 quae
2297 3399 2626 3446 novamus
2663 3431 2686 3464 ,
2754 3384 2826 3450 &
2901 3381 3198 3450 facimus

194 3489 363 3579 ipsi.

299 3597 385 3670 {n
441 3603 711 3693 propriis
778 3596 873 3668 est
925 3599 1127 3688 igitur
1186 3589 1399 3660 verbis
1452 3589 1569 3660 illa
1623 3586 1771 3661 laus
1822 3589 2165 3686 oratoris}‚
2238 3602 2313 3654 ut
2364 3576 2614 3666 abjecta
2663 3601 2860 3676 atque
2907 3578 3197 3652 obsoleta.
3261 3653 3269 3660 ,

198 3707 426 3796 fugiat
467 3728 486 3765 .-
570 3701 753 3770 leffis
805 3719 1001 3788 atque
1054 3693 1413 3766 illustribus
1466 3713 1694 3762 utatur
1736 3746 1757 3777 ‚
1827 3695 1896 3760 in
1953 3690 2192 3784 quibus
2261 3691 2543 3778 pienum
2593 3687 2904 3776 quiddam
2974 3687 3044 3772 ὃς
3103 3682 3202 3750 so-

196 3829 381 3876 nans
430 3805 617 3872 inesse
668 3802 961 3868 videatur
1004 3849 1021 3864 .
1100 3796 1227 3866 Sed
1280 3797 1349 3862 in
1403 3789 1529 3863 hoc
1586 3792 1946 3862 verborum
1999 3813 2244 3882 genere
2295 3790 2706 3878 propriorum
2759 3783 3050 3854 deleuus
3101 3783 3198 3854 est

196 3909 483 4002 quidam
534 3903 865 3972 habendus
908 3956 929 3987 ,
998 3917 1193 3989 atque
1268 3899 1323 3963 is
1378 3899 1643 3964 aurium
1695 3893 1982 3984 quodam
2054 3892 2300 3970 judicio
2365 3886 2878 3977 ponderandusz
2949 3888 3016 3952 in
3067 3891 3255 3974 quo'

196 4006 613 4082 consuetudo
662 4005 859 4070 etiam
914 3999 1081 4068 bene
1146 3997 1453 4088 loquendi
1504 3991 1680 4062 valet
1730 3995 2097 4084 plurimum
2134 4042 2154 4062 .
2226 3991 2447 4057 Etiam
2515 3991 2641 4057 hoc
2685 4041 2705 4076 ,
2775 3987 2948 4076 quod
2999 3986 3206 4074 vulgo

189 4109 267 4179 de
318 4107 707 4178 oratoribus
764 4105 844 4169 ab
896 4102 1217 4189 imperitis
1270 4100 1398 4170 dici
1457 4095 1612 4163 solet
1654 4145 1675 4182 ,
1742 4099 1941 4163 Boni-s
2001 4103 2062 4162 is
2116 4092 2338 4160 verbis
2381 4143 2402 4177 ,
2471 4105 2588 4162 aut
2635 4087 2877 4172 aliquis
2933 4108 3046 4152 non
3099 4086 3245 4150 bo·-

192 4221 293 4280 nis
350 4220 577 4279 oetitur
618 4261 639 4293 ,
712 4228 842 4273 non
900 4221 1043 4271 arte
1094 4201 1319 4289 aliqua
1372 4199 1797 4290 perpenditur
1840 4249 1861 4282 ,
1937 4193 2041 4262 sed
2094 4193 2382 4284 quodam
2438 4189 2614 4283 quasi
2669 4188 2954 4255 naturali
3012 4184 3206 4252 sensu

196 4313 594 4392 iudicatur:
670 4309 925 4396 in.quo
984 4325 1115 4370 non
1168 4322 1419 4392 magna
1480 4295 1624 4368 laus
1694 4295 1787 4362 est
1838 4297 2043 4369 vitare
2100 4295 2339 4362 vitium
2377 4345 2402 4378 ‚
2471 4305 2908 4381 (quanquam
2981 4283 3048 4356 id
3113 4283 3208 4354 est

204 4419 589 4507 magnum)
667 4428 910 4477 verum
964 4405 1087 4472 hoc
1140 4407 1322 4492 quafi
1381 4400 1599 4470 solum
1650 4397 1981 4488 quoddam
2032 4412 2224 4486 atque
2277 4393 2787 4460 fundamentum
2837 4387 2932 4456 est
2976 4437 2996 4474 ‚
3061 4407 3208 4454 ver·

203 4513 451 4586 borum
509 4509 667 4580 usus
726 4512 795 4581 &
854 4508 1039 4597 copia
1092 4503 1421 4576 bonorum
1458 4509 1486 4569 '.
1539 4500 1663 4568 Sed
1702 4551 1723 4583 ,
1772 4497 1932 4587 quid
1987 4495 2115 4585 ipse
2166 4492 2446 4564 aedificet
2497 4505 2774 4578 orator,
2831 4493 2900 4590 &
2963 4488 3028 4556 in
3082 4507 3212 4577 quo

210 4619 532 4707 adjungat
589 4629 804 4678 artem
835 4665 855 4696 ,
904 4609 969 4677 id
1024 4608 1147 4676 effe
1198 4629 1235 4674 a
1288 4607 1475 4676 nobis
1525 4599 1951 4692 quaerendum
2008 4609 2201 4688 atque
2251 4591 2716 4684 explicandum
2773 4591 3063 4658 videtur.

315 4717 723 4788 XXXVIII.
778 4713 943 4778 Tria
997 4709 1149 4777 sunt
1202 4705 1404 4798 igitur
1456 4707 1527 4772 in
1580 4703 1779 4770 verbo
1838 4699 2114 4790 fimplici
2157 4753 2178 4786 ,
2249 4721 2389 4788 quae
2441 4709 2666 4762 orator
2726 4691 2952 4760 afferat
3001 4686 3082 4756 ad
3137 4683 3216 4754 il..

218 4815 641 4885 lustrandam
694 4827 887 4898 atque
938 4811 1397 4879 exornandam
1448 4807 1814 4875 orationem
1856 4831 1880 4891 3
1936 4818 2050 4872 aut
2102 4800 2490 4870 inufitatum
2542 4793 2822 4864 verbum
2864 4845 2884 4878 ,
2933 4803 3048 4858 aut
3097 4809 3217 4884 no·-

220 4935 454 4988 vatum
480 4967 502 5002 ,
560 4929 673 4980 aut
727 4911 1121 4978 translatum
1148 4958 1163 4978 .

326 5016 651 5088 Inufitata
708 5013 861 5083 sunt
910 5009 1121 5102 prisca
1175 5011 1445 5084 fereae
1500 5008 1791 5098 vetusta,
1842 5005 1913 5078 δε
1970 5003 2051 5074 ab
2098 5001 2222 5170 usli}
2270 4995 2646 5168 flamidiani
2687 4989 3222 5160 sermonisdiam.

434 5123 611 5186 Tom.
664 5120 722 5186 Ι.
3053 5115 3120 5160 ιιι
