4359 6321
1013 397 1626 497 LIBER
1747 403 2561 496 PRIMUS.
2996 408 3124 530 §7

267 527 462 620 ‘Jungi
500 517 736 615 poffit,
775 519 885 593 sed
934 521 1068 614 ipsa
1121 519 1472 612 separatim
1525 524 1718 614 longi
1761 524 2078 612 temporis
2111 575 2133 607 ‚
2184 525 2257 594 &
2312 546 2573 615 magnae
2627 537 2819 614 atque
2870 525 3087 595 arduae
3138 553 3249 598 co-

263 629 574 723 gnitionis
623 625 950 718 indigeat.
1007 629 1236 710 Qare
1287 625 1410 694 illa
1461 625 1644 693 nobis
1695 626 1827 692 alio
1879 641 2172 712 tempore
2222 639 2421 715 atque
2470 625 2555 694 ad
2605 623 2787 692 aliud
2838 625 3249 715 institutum,

259 735 304 799 fi
359 731 652 798 facultas
701 728 860 814 erit,
910 727 1422 816 explicabuntur
1459 775 1476 792 .
1533 729 1730 817 Nunc
1782 725 1886 792 his
1936 725 2477 815 preceptionibus
2526 727 2874 794 rhetorum
2922 728 3001 792 ad
3050 727 3249 798 usum

249 825 621 899 oratorium
670 819 1014 898 contentos
1071 851 1191 898 nos
1239 827 1376 898 esse
1428 824 1781 916 oportebit.
1833 831 2010 895 Cum
2059 827 2262 914 igitur
2312 849 2395 895 ex
2450 827 2585 914 iis,
2635 851 2779 918 quae
2832 827 3187 904 sumuntur
3226 882 3248 919 ,

250 933 504 1023 aliquid
557 943 690 1000 non·
743 932 1164 1013 conceditur,
1213 930 1300 998 fic
1351 927 1838 998 infirmabitur.
2921 990 2928 996 .
3002 991 3011 1000 .

351 1037 638 1102 XLVII.
695 1040 874 1104 Cum
928 1051 1192 1118 autem,
1243 1029 1346 1098 his
1394 1029 1700 1098 conceffis
1739 1082 1760 1114 ‚
1811 1029 2185 1118 complexio
2232 1049 2321 1094 ex
2374 1027 2481 1096 his
2536 1038 2561 1114 (
2590 1040 2731 1118 95)
2786 1053 2919 1098 non
2973 1034 3251 1119 conficiq

243 1151 360 1202 tur
412 1188 433 1220 ,
483 1137 620 1204 haec
677 1153 878 1205 erunt
929 1131 1402 1205 consideranda
1441 1157 1466 1218 3
1521 1151 1686 1204 num
1740 1128 1918 1197 aliud
1969 1129 2366 1200 confic‘Iatur
2404 1183 2427 1216 ,
2495 1130 2675 1200 aliud
2722 1130 2983 1201 dicatur
3026 1185 3047 1218 ,
3114 1135 3251 1204 hoo

245 1233 446 1305 modo
481 1259 502 1300 ε
571 1241 638 1307 Si
681 1291 706 1326 ,
773 1235 933 1308 cum
984 1237 1226 1328 aliquis
1277 1234 1454 1301 dicat
1508 1232 1572 1300 se
1623 1229 1994 1321 profestum
2051 1229 2187 1298 esse
2254 1229 2339 1298 ad
2386 1233 2755 1302 exercitum
2793 1286 2816 1319 ,
2879 1249 3245 1324 contraque

241 1335 404 1406 eum
455 1339 614 1425 quis
652 1339 812 1408 velit
861 1341 991 1408 hac
1042 1337 1620 1427 argumentatione
1669 1333 1824 1398 uti:
1880 1335 1948 1401 si
2003 1329 2283 1400 venisses
2334 1331 2415 1398 ad
2463 1329 2831 1403 exercitum
2877 1387 2897 1419 ,
2948 1355 2985 1401 a
3036 1334 3244 1404 tribu-

239 1441 350 1506 nis
403 1439 799 1509 militaribus
851 1437 1030 1510 uisus
1079 1437 1285 1507 esses.
1337 1441 1490 1504 Non
1543 1455 1616 1505 es
1667 1452 1894 1502 autem
1947 1433 2027 1500 ab
2077 1433 2183 1502 his
2234 1430 2410 1500 visus
2447 1479 2463 1499 .
2517 1441 2671 1504 Non
2722 1456 2793 1501 es
2840 1437 3043 1524 igitur
3098 1458 3242 1523 pro-

239 1537 466 1607 festus
519 1547 716 1628 (96)
768 1539 849 1608 ad
899 1541 1266 1611 exercitum
1303 1586 1320 1605 .
1377 1539 1508 1608 Hic
1561 1555 1724 1605 cum
1773 1534 2181 1606 concesseris
2250 1535 2751 1624 propositionem
2844 1538 2913 1604 ὃ(
2990 1533 3243 1604 assum-

236 1641 534 1730 ptionem
591 1651 796 1729 (97)
836 1695 856 1732 ,
907 1641 1282 1736 complexio
1327 1640 1426 1712 est
1471 1637 1876 1708 infirmanda
1908 1687 1926 1708 .
1999 1633 2212 1706 Aliud
2262 1636 2444 1705 enim
2487 1690 2515 1728 ,
2558 1655 2766 1729 quam
2813 1635 3167 1728 cogebatur
3218 1688 3247 1723 ,

239 1741 516 1810 illatum
565 1742 692 1811 est.
2996 1801 3007 1819 ·

343 1843 452 1908 Ae
505 1865 685 1909 nunc
733 1848 1002 1932 quidem
1042 1897 1066 1930 ‚
1131 1868 1264 1934 quo
1313 1849 1576 1916 facilius
1649 1867 1755 1914 res
1805 1845 2317 1938 cognosceretur
2352 1900 2373 1933 ,
2447 1845 2785 1940 perspicuo
2854 1847 2927 1917 δε
3000 1843 3243 1936 grandi

237 1938 406 2007 vitio
455 1940 802 2030 praeditum
853 1943 1188 2028 posuimus
1235 1950 1626 2032 exemplum
1662 1970 1686 2014 z
1741 1945 1846 2012 sed
1902 1950 2058 2036 saepe
2105 1948 2449 2016 obscurius
2502 1949 2785 2038 positum
2832 1948 3067 2016 vitium
3120 1965 3245 2036 pro

236 2060 404 2108 vero
453 2041 812 2130 probatur,
858 2063 1024 2112 curn
1075 2059 1191 2108 aut
1246 2061 1483 2130 parum
1531 2044 1906 2131 memineris
1955 2047 2130 2134 quod
2177 2049 2573 2115 concesseris
2607 2102 2627 2135 ,
2682 2065 2797 2116 aut
2847 2046 3243 2138 ambiguum

233 2141 506 2234 aliquod
557 2165 682 2230 pro
729 2157 911 2210 cetto
962 2141 1407 2212 concesseris.
1463 2138 1886 2228 Ambiguum
1935 2141 1984 2210 fi
2033 2144 2421 2211 concesseris
2472 2166 2553 2209 ex
2604 2166 2707 2212 ea·
2738 2166 2919 2232 parte
2966 2199 2985 2232 ,
3033 2166 3241 2237 quam

231 2240 370 2330 ipse
419 2243 868 2330 intellexeris,
918 2263 1068 2310 eam
1119 2258 1379 2330 partem
1428 2237 1478 2306 si
1529 2238 1952 2307 adversarius
2001 2241 2084 2310 ad
2137 2242 2344 2310 aliam
2378 2259 2632 2331 partem
2682 2263 2801 2332 per·
2832 2247 3237 2331 complexio-

228 2364 394 2410 nem
445 2345 608 2412 velit
659 2343 1209 2427 accommodare3
1263 2337 1716 2408 demonstrare
1769 2339 2134 2426 oportebit,
2179 2363 2316 2408 non
2369 2365 2457 2410 ex
2508 2365 2626 2428 e0,
2675 2345 2845 2432 quod
2899 2344 3033 2431 ipse
3083 2364 3243 2411 con·

227 2442 509 2513 cesseris
551 2499 572 2532 ,
621 2445 731 2514 sed
783 2466 870 2513 ex
924 2466 1002 2513 eo
1038 2496 1063 2530 ,
1107 2441 1288 2533 qnod
1337 2440 1450 2509 ille
1505 2434 1856 2536 sumpserit
1897 2489 1920 2524 ‚
1969 2439 2211 2508 confici
2264 2444 2811 2528 complexionem
2852 2493 2873 2526 ‚
2924 2445 3007 2508 ad
3056 2443 3243 2512 hunc

225 2545 553 2614 modum:
605 2549 671 2614 si
728 2547 1019 2636 pecuniae
1071 2543 1422 2633 indigetis,
1470 2538 1826 2630 pecuniam
1877 2560 2014 2606 non
2065 2539 2357 2609 habetis.
2414 2543 2480 2608 si
2532 2545 2875 2632 pecuniam
2930 2563 3063 2610 non
3116 2539 3237 2610 ha-

224 2645 442 2732 betiS,
491 2667 804 2734 pauperes
851 2643 1031 2712 estis.
1088 2643 1405 2732 Indigetis
1453 2657 1682 2708 autem
1730 2643 2058 2732 pecuniae:
2125 2647 2505 2712 mercaturae
2556 2646 2782 2728 enim,
2838 2643 2960 2710 nist
3009 2642 3101 2710 ita·
3135 2641 3235 2710 efi-

223 2745 366 2830 set,
417 2765 688 2835 operam
739 2765 877 2814 non
929 2745 1208 2813 daretIs.
1265 2748 1586 2834 Pauperes
1639 2742 1840 2830 igitur
1889 2741 2076 2815 estis.
2130 2747 2280 2814 Hoc
2337 2744 2421 2814 fic
2478 2744 3235 2834 reprehenditurt.Cum

221 2844 524 2937 dicebas,
577 2850 642 2915 Si
695 2845 1014 2937 indigetis
1065 2845 1352 2934 pecunia:
1393 2899 1414 2934 ,
1465 2844 1816 2933 pecuniam
1868 2865 2004 2912 non
2053 2843 2369 2933 habetis‚·
2426 2846 2550 2920 hoc
2602 2843 3055 2936 intelligebam
3093 2895 3115 2928 ,
3164 2846 3255 2912 si.

218 2963 490 3036 propten
539 2950 839 3038 inopiam
887 2949 958 3014 in
1008 2947 1292 3038 egestate
1341 2947 1487 3022 estis
1530 2997 1572 3032 ,.
1601 2948 1960 3034 pecuniam
2009 2967 2150 3014 non
2200 2947 2451 3014 habetis
2491 2972 2509 3012 ι
2564 2951 2637 3016 ὅτ.
2696 2946 2946 3014 idcirco
2995 2966 3231 3012 conce-

214 3047 458 3114 debarn
497 3095 514 3112 .
567 3055 744 3116 Cum
795 3065 1018 3115 autem
1067 3049 1194 3115 hoc
1248 3046 1548 3116 sumebas
1589 3097 1612 3130 ,
1665 3049 1991 3138 Indigetis
2041 3063 2265 3114 autem
2314 3049 2597 3136 pecuniae
2645 3076 2665 3135 3
2738 3047 2903 3114 illud
2958 3046 3237 3134 accipieae

217 3144 433 3233 bam,
478 3149 708 3215 Vultis
759 3162 983 3212 autem
1033 3149 1324 3233 pecuniae
1375 3148 1522 3235 plus
1571 3141 1850 3219 habere.
1906 3151 2008 3212 Ex
2065 3147 2305 3237 quibus
2354 3145 2862 3218 concessionibus
2912 3170 3047 3215 non
3068 3168 3231 3217 con·

216 3246 460 3316 ficitur
511 3244 678 3331 hoc,
729 3249 1052 3332 Pauperes
1106 3247 1310 3334 igitur
1363 3246 1544 3311 estis.
1598 3248 2060 3316 conficeretur
2115 3265 2384 3331 eutem,
2434 3250 2485 3313 si
2532 3246 2651 3311 tibi
2702 3248 2915 3331 primo
2966 3264 3231 3331 quoque

213 3349 352 3417 hoc
403 3345 890 3435 conceffissem,
937 3347 1076 3427 Qui
1128 3344 1484 3435 pecuniam
1533 3344 1862 3421 majorem
1911 3344 2118 3410 vellet
2149 3346 2439 3426 habere,
2486 3344 2645 3406 eum
2681 3343 3038 3426 pecuniam
3088 3361 3227 3409 non

209 3449 648 3619 hablilgxilll.
705 3554 880 3632 Soepe
927 3560 1158 3611 autem
1206 3542 1484 3609 oblitum
1537 3496 1771 3629 putant
1806 3591 1828 3624 ,
1896 3535 2054 3627 quid
2101 3508 2559 3621 concesseris,
2622 3542 2693 3606 δε
2768 3536 3021 3605 ideirco
3083 3538 3149 3605 id
3186 3591 3207 3627 ,

207 3652 396 3741 quod
451 3670 590 3715 non
641 3644 1038 3727 conficitur,
1088 3644 1276 3732 quast
1321 3640 1708 3709 conficiatur
1743 3690 1766 3719 ,
1815 3641 1886 3702 in
1937 3638 2353 3705 conclulione
2402 3636 2726 3720 infertur,
2774 3638 2903 3715 hoc
2951 3637 3197 3707 modoz

206 3755 288 3818 Si
343 3749 431 3817 ad
485 3749 680 3815 illum
727 3746 1054 3813 hereditas
1109 3740 1452 3826 veniebat,
1503 3736 1852 3806 verisimile
1901 3736 2002 3801 est
2044 3736 2128 3805 ab
2173 3736 2297 3804 illo
2346 3736 2491 3804 esse
2538 3755 2901 3807 necatum.
2958 3739 3229 3810 Deinde

206 3854 352 3920 hoc
407 3846 763 3937 approbant
808 3844 1108 3934 plurimis
1160 3842 1364 3909 verbis
1403 3890 1418 3907 .
1491 3839 1638 3907 Post
1695 3838 2039 3906 assumunt
2077 3892 2099 3925 ‚
2175 3836 2284 3905 Ad
2338 3837 2541 3905 illum
2612 3856 2835 3905 autem
2889 3838 3223 3909 hereditas

208 3948 576 4020 veniebat..
619 3947 880 4016 Deinde
930 3945 1214 4017 infertur
1251 3996 1278 4031 ,
1321 3944 1448 4012 Ille
1497 3942 1704 4033 igitur
1755 3938 2036 4009 occidit.
2088 3939 2164 4007 Id
2215 3960 2299 4011 ex
2350 3939 2435 4007 iis
2478 3991 2500 4026 ,
2548 3960 2697 4029 quae
2742 3938 3159 4029 sumpserant
3198 3990 3223 4031 ,

2864 4103 2871 4110 .
2974 4056 3135 4109 non·

283 4414 450 4483 (95)
487 4412 801 4470 complexio
835 4429 904 4467 ex
940 4410 1026 4467 his
1061 4416 1090 4475 )
1145 4406 1306 4481 ond
1348 4404 1667 4463 vocabulum
1769 4422 1867 4481 nus
1901 4400 2136 4481 positum
2176 4399 2279 4457 luit
2314 4398 2427 4457 sive
2468 4397 2527 4454 in
2564 4396 2983 4477 propositione,
3021 4395 3215 4455 fivein

209 4474 322 4537 hoc
361 4482 422 4537 in
461 4480 581 4538 loco
613 4468 672 4539 ’δε
713 4484 768 4539 in
813 4479 1154 4553 sequentibus
1183 4480 1502 4548 usgutni-nti
1540 4494 1668 4535 con·
1767 4474 2122 4543 allumpt'rone
2158 4510 2172 4525 .
2209 4472 2357 4529 Nota
2395 4470 2471 4526 est
2524 4466 2641 4524 hmc
2682 4470 3005 4539 Logrcom'rn·
3058 4488 3214 4540 regu-

211 4550 509 4623 cluse'onem
545 4552 838 4623 fignificat.
882 4560 1379 4625 Capperonnerrus.
1518 4616 1530 4627 .
1767 4546 1852 4601 la:
1903 4544 2054 4601 Nthe'l
2081 4542 2236 4599 a'ebet
2271 4539 2360 4613 effe
2397 4546 2455 4597 in
2492 4538 2839 4614 consequente
2870 4582 2887 4607 ,
2924 4540 3071 4616 quod
3104 4558 3215 4596 non

283 4629 444 4695 (96)
485 4633 602 4680 Non
636 4630 881 4695 &igitur
910 4628 1177 4697 prosedas
1193 4628 1233 4687 )·
1260 4617 1532 4689 Con-cludi
1567 4614 1666 4673 de·-
1761 4616 1938 4689 suerit
1973 4634 2042 4669 m
2073 4615 2455 4670 antecedente.
2492 4612 2769 4681 qusscus.

207 4690 362 4751 buit:
404 4694 584 4763 Igitur
619 4695 682 4752 ad
721 4696 1020 4753 exercitum
1062 4714 1176 4749 non
1219 4690 1456 4762 venusti.
1493 4688 1666 4747 Aliud
1836 4693 1995 4759 (97)
2049 4683 2451 4763 Propositsptgem
2504 4680 2574 4749 ό·
2624 4679 3029 4755 affumptionem
3064 4689 3110 4760 )·
3140 4673 3215 4735 ld

205 4764 292 4819 est
313 4764 688 4823 adexercitum
705 4764 972 4839 proficisci
997 4808 1012 4830 ,
1053 4764 1166 4820 live
1205 4764 1391 4821 itineri
1435 4760 1486 4816 sc
1515 4780 1666 4817 com·
1767 4756 1844 4814 est
1871 4800 1886 4823 ,
1917 4756 2082 4815 ambas
2117 4756 2434 4827 praemrssas5
2475 4752 2589 4811 five
2632 4762 2894 4834 quorem
2932 4758 2989 4811 dt
3026 4758 3213 4807 Μωσ-

203 4836 445 4891 mittere
495 4835 560 4891 ad
595 4839 892 4897 exencitum
924 4859 948 4901 ς
981 4834 1128 4893 ahud
1165 4834 1240 4890 est
1281 4836 1471 4903 venire
1499 4830 1664 4899 „five
1766 4850 1915 4894 rem,
1955 4848 2014 4885 ut
2055 4829 2110 4885 in
2151 4826 2353 4886 scholis
2391 4843 2541 4904 nunc
2570 4826 2724 4901 loqur
2756 4842 2968 4883 amant.
3006 4826 3213 4889 Cappen

205 4907 424 4979 pedem
455 4904 656 4971 inferre
693 4910 752 4966 in
791 4908 900 4983 ipsa
937 4906 1131 4965 castra.
1170 4902 1516 4963 Vitioliffima
1557 4904 1664 4973 :gi-
1761 4906 2082 4961 rannerius.-

210 4997 300 5039 tur
341 4976 658 5048 concluxio,
692 5000 788 5053 qua
823 4980 1101 5052 colligitur
1137 4976 1206 5037 id.
1231 4976 1376 5050 quod
1425 4972 1663 5037 nullate.-
1950 4982 1960 4989 ’
