4359 6321
1059 400 1676 494 minan
1801 402 2597 502 PRIMUS.
3065 441 3193 532 27

311 525 658 598 mentatio.
709 522 784 592 si
827 515 1195 606 tacebitur,
1247 537 1364 588 aut
1411 518 1740 590 elicienda
1780 520 1884 592 ‚est
1930 519 2262 610 responsio
2303 548 2325 610 3
2374 539 2489 594 aut
2530 578 2551 613 ,
2598 523 2917 614 quoniam
2971 536 3323 604 taciturni.

309 649 404 698 tas
451 626 756 694 imitatur
808 619 1308 710 conseffionem,
1356 643 1478 714 pro
1529 645 1612 692 eo
1641 675 1664 711 ,
1708 644 1784 692 ac
1836 622 1882 691 fi
1935 623 2309 694 concessum
2364 625 2487 712 fit,
2537 627 2937 698 concludere
2988 635 3316 718 oportebit

302 728 956 818 argumentationem
993 772 1010 792 .
1071 727 1174 792 Ita
1224 723 1300 792 fit
1350 724 1482 794 hoc
1527 743 1746 816 genus
1795 725 2315 814 argumentandi
2366 729 2775 814 tripartitum
2816 779 2837 796 .
2896 729 3118 800 Prima
3167 758 3321 822 pars

290 851 382 900 ex
437 829 858 901 similitudine
907 826 1165 896 constat
1215 848 1350 894 una
1387 880 1412 914 ‚
1461 826 1842 916 pluribusve
1889 873 1910 894 .
1963 829 2205 896 Altera
2252 849 2339 895 ex
2389 848 2513 916 eo,
2564 832 2746 922 quod
2796 833 3071 906 concedi
3128 835 3319 910 volu·

295 953 456 1005 mus
495 987 518 1020 ‚
564 934 754 1014 cujus
807 929 1010 1002 causa
1061 928 1522 998 similitudines
1571 929 1874 998 adhibitae
1927 929 2082 1002 sunt
2120 978 2138 996 .
2216 931 2447 1000 Tertia
2500 953 2589 1002 ex
2640 933 3057 1006 conclusione
3097 989 3125 1026 ,
3170 962 3317 1032 quae

298 1053 420 1105 aut
471 1035 836 1106 confirmat
881 1033 1358 1102 conceffionem
1397 1085 1419 1116 ‚
1469 1051 1624 1118 aut,
1675 1033 1836 1121 quid
1880 1053 1964 1100 ex
2016 1051 2096 1100 ea
2143 1031 2589 1120 conficiatur,
2638 1033 2955 1105 ostendit.

399 1137 724 1208 XXXIII.
775 1137 902 1204 Sed
953 1139 1109 1226 quia
1162 1155 1296 1202 non
1348 1133 1502 1202 satis
1555 1133 1880 1202 videbitur
1935 1134 2136 1207 alicui
2188 1132 2480 1204 dilucide
2530 1136 3052 1211 demonstratum
3096 1193 3125 1234 ‚
3188 1139 3313 1210 nili

293 1241 472 1332 quod
523 1263 614 1309 ex
663 1238 848 1309 civili
899 1238 1258 1308 causarum
1307 1257 1546 1329 genere
1595 1237 1984 1325 exemplum
2035 1233 2507 1315 subjecerimus
2542 1263 2571 1302 .-
2652 1238 2913 1310 videtur
2964 1239 3309 1318 hujusmo.

285 1343 362 1409 di
414 1363 674 1434 quoque
723 1339 1050 1410 utendum
1095 1343 1404 1432 exemplo
1437 1389 1464 1424 ,
1513 1361 1646 1408 non
1698 1361 1838 1432 quo
1877 1339 2235 1430 ‘pra-ceptio
2264 1339 2529 1410 differat
2566 1367 2595 1430 ς
2648 1359 2766 1412 aut
2816 1342 3007 1410 aliter
3052 1342 3181 1412 hoc
3236 1346 3307 1412 in

295 1442 597 1513 sermone
635 1497 658 1530 ‚
709 1461 900 1533 atque
952 1445 1020 1509 in
1071 1442 1356 1512 dicendo
1407 1442 1483 1509 fit
1537 1441 1862 1512 utendum
1913 1469 1934 1512 ε
1991 1440 2102 1516 sed
2152 1458 2225 1512 ut
2274 1463 2521 1515 eorum
2572 1445 2901 1512 voluntati
2958 1443 3233 1514 satisfiat
3282 1501 3309 1534 ,

291 1545 408 1634 qui
447 1598 470 1632 ,
541 1547 721 1637 qnod
772 1544 994 1634 aliquo
1039 1545 1106 1612 in
1160 1545 1311 1613 loco
1359 1543 1648 1612 viderint
1683 1597 1709 1632 ,
1778 1543 1912 1614 aiio
1957 1546 2028 1614 in
2082 1542 2236 1612 loco
2282 1595 2309 1630 ,
2372 1545 2493 1612 nisi
2564 1543 3091 1619 demonstratum
3138 1548 3233 1614 est
3284 1601 3313 1633 ,

289 1665 638 1738 nequeunt
689 1645 1082 1736 cognoscere
1117 1693 1138 1714 .
1207 1651 1391 1736 Ergo
1437 1650 1510 1715 in
1559 1649 1688 1718 hac
1737 1647 1934 1718 causa
1980 1701 2006 1736 ,
2077 1658 2227 1736 qussae
2280 1648 2451 1736 apud
2506 1649 2780 1715 Graecos
2827 1647 2923 1716 est
2970 1669 3310 1738 pervaga„

287 1763 356 1814 ta
394 1800 416 1835 ‚
465 1747 642 1837 quod
693 1747 1178 1838 Epaminondas
1214 1802 1240 1837 ,
1291 1748 1773 1820 Thebanorum
1825 1751 2185 1839 imperator
2226 1801 2249 1834 ‚
2295 1750 2358 1816 ei
2397 1801 2421 1835 ,
2468 1751 2583 1839 qui
2638 1745 2751 1818 fibi
2800 1770 2889 1816 ex
2942 1749 3092 1838 lege
3144 1771 3303 1838 prae-

291 1863 395 1912 tor
455 1847 826 1916 successerat
865 1903 889 1934 ,
935 1853 1301 1918 exercitum
1351 1873 1488 1919 non
1541 1851 1806 1920 tradidit
1843 1905 1871 1938 ,
1917 1855 1992 1924 δε
2045 1873 2209 1919 cum
2258 1872 2503 1939 paucos
2554 1851 2690 1939 ipse
2736 1849 2875 1921 dies
2930 1868 3161 1920 contra
3214 1852 3309 1920 le-

291 1965 452 2034 gem
507 1947 880 2014 exercitum
927 1949 1266 2032 tenuiffet,
1313 1953 1848 2020 Lacedaemonios
1901 1953 2209 2020 funditus
2266 1955 2467 2039 vicit,
2516 1955 2757 2040 poterit
2806 1952 3147 2038 accusator
3198 1973 3306 2020 ar-

285 2048 804 2136 gumentatione
855 2045 958 2112 uti
1005 2067 1124 2134 per
1173 2046 1626 2118 §adustionem
1663 2101 1690 2134 ,
1781 2073 1942 2120 cum
1995 2049 2323 2140 scriptum
2409 2055 2578 2142 legis
2625 2072 2858 2124 contra
2912 2053 3301 2124 sententiam

281 2147 600 2214 defendat
641 2200 662 2232 ,
719 2147 800 2214 ad
853 2145 1037 2214 hunc
1087 2148 1364 2216 modum
1405 2173 1430 2212 :
1489 2151 1555 2218 si
1592 2201 1619 2236 ,
1667 2149 1936 2226 Iudices
1970 2199 1994 2234 ‚
2043 2149 2110 2214 id
2153 2203 2174 2234 ‚
2224 2153 2399 2239 quod
2456 2157 2937 2242 Epaminondas
2988 2159 3078 2224 ait
3133 2155 3304 2243 legis

285 2246 674 2338 scriptorem
731 2247 978 2315 sensiffe
1013 2301 1040 2334 ,
1087 2248 1412 2316 adstribat
1463 2251 1547 2316 ad
1594 2249 1866 2336 Iegem,
1915 2251 1990 2318 δι
2045 2246 2243 2316 addat
2292 2255 2745 2338 exceptionem
2794 2255 3013 2340 hanc,
3060 2257 3297 2322 Exna

284 2373 489 2431 QUAM
539 2377 590 2418 si
643 2373 804 2436 Quis
857 2371 1242 2418 neironttcar
1286 2371 1484 2416 causa
1543 2369 1912 2416 exeacrrrm
1977 2371 2113 2416 note
2170 2373 2551 2422 mantuana·
2588 2404 2613 2439 ,
2682 2355 3021 2442 patiemini
3068 2357 3113 2421 2-
3154 2377 3297 2422 non

280 2445 519 2538 >opinor
555 2503 572 2520 .
641 2449 840 2540 Quod
892 2453 939 2518 s1
989 2449 1364 2540 vosmetipsi
1416 2503 1441 2537 ‚
1505 2449 1684 2540 quod
1737 2469 1778 2518 a
1831 2446 2038 2516 vestra
2089 2451 2407 2538 religione
2460 2453 2531 2520 dt
2591 2453 2908 2540 sapientia
2960 2456 3301 2522 remotiffi.

281 2571 479 2621 mum
527 2553 622 2622 est
657 2608 684 2642 ,
747 2551 928 2621 istius
973 2551 1256 2620 honoris
1303 2551 1494 2622 causa
1547 2551 1724 2620 hanc
1771 2549 2056 2618 eandem
2103 2551 2565 2638 exceptionem
2604 2605 2631 2638 ,
2696 2553 2939 2632 injussu
2988 2553 3214 2644 populi
3268 2607 3297 2642 ,

280 2645 368 2716 a'd
422 2645 638 2742 leg'em
689 2649 965 2722 adscribi
1013 2650 1288 2732 jubeatis
1325 2704 1346 2737 ,
1416 2653 1700 2742 popqus
1749 2648 2110 2722 Thebanus
2161 2653 2531 2740 patieturne
2580 2655 2647 2722 id
2696 2652 2844 2722 fie'ri
2887 2655 2925 2719 ?
2992 2655 3297 2742 profecto

275 2773 418 2820 non
474 2756 793 2844 patietur.
845 2755 1044 2844 Qod
1092 2773 1256 2844 ergo
1305 2749 1578 2842 adscribi
1634 2753 1716 2825 ad
1734 2757 1960 2844 legem
2007 2753 2197 2822 nefas
2242 2753 2381 2838 est,
2424 2751 2495 2822 id
2549 2754 2771 2845 sequi,
2817 2755 3005 2846 quasi
3054 2757 3291 2826 adscri-

275 2869 470 2942 ptum
527 2856 604 2924 fit
640 2911 662 2945 ,
711 2856 967 2927 testum
1021 2856 1200 2926 vobis
1255 2853 1550 2925 rideatur
1587 2859 1630 2920 ἒ
1701 2857 1876 2924 Novi
1933 2855 2219 2926 vestram
2272 2855 2783 2944 intelligentiam
2830 2909 2853 2942 ,
2898 2876 3033 2924 non
3082 2858 3293 2947 potest

275 2956 366 3023 ita
425 2957 622 3026 videri
663 3013 688 3047 ‚
755 2961 1024 3040 Iudices
1059 3008 1077 3027 .
1149 2959 1354 3042 Qod'
1399 2959 1446 3028 si
1504 2959 1714 3027 literis
1763 2959 2005 3048 corrigi
2041 2977 2274 3047 neque
2336 2957 2417 3024 ab
2467 2957 2591 3026 illo
2640 3011 2662 3044 ,
2730 2979 2947 3048 neque
3012 2978 3053 3024 a
3105 2959 3294 3026 vobis

281 3053 624 3144 scriptoris
674 3061 988 3130 voluntas
1055 3060 1310 3150 potest3
1382 3061 1597 3130 videte
1645 3082 1734 3130 ne
1781 3061 1996 3130 multo
2040 3059 2395 3149 indignius
2442 3061 2519 3128 fit
2557 3111 2583 3146 ‚
2648 3059 2719 3128 id
2772 3081 2847 3130 re
2914 3063 2990 3130 ὅ(
3046 3059 3291 3138 iudicio

279 3154 499 3224 vestro
552 3164 842 3245 mutari,
891 3164 1070 3249 quod
1124 3184 1210 3231 ne
1257 3163 1462 3232 verbo
1511 3165 1779 3254 quidem
1829 3164 2229 3233 commutari
2283 3164 2531 3250 potest.

387 3260 493 3327 Ac
559 3258 640 3326 de
689 3259 1064 3329 induc‘lione
1109 3262 1382 3348 quidem
1433 3264 1590 3343 satis
1636 3268 1710 3333 in
1759 3265 2096 3353 praesentia
2146 3262 2401 3335 diCtum
2451 3264 2715 3331 videtur
2750 3308 2773 3339 2.
2844 3268 3045 3333 Nunc
3104 3262 3290 3331 dein-

261 3378 429 3457 ·ceps
482 3361 1002 3430 ratiocinationis
1052 3361 1190 3427 vim
1228 3411 1255 3445 ,
1300 3364 1372 3430 &
1431 3380 1742 3433 naturam
1793 3365 2321 3431 confideremus.

379 3464 706 3531 XXXIV.
759 3463 1208 3531 Ratiocinatio
1243 3514 1266 3545 ‚
1337 3470 1538 3544 (76)
1603 3462 1704 3527 est·
1747 3463 1963 3526 oratio
2003 3480 2090 3527 ex
2144 3460 2283 3545 ipsa
2349 3476 2425 3523 re
2476 3452 2811 3545 probabile
2856 3452 3111 3545 aliquid
3160 3458 3291 3525 eli-

265 3565 514 3649 ciensq
550 3566 730 3652 quod
777 3562 1152 3651 expositum
1201 3564 1274 3632 &
1331 3582 1448 3649 per
1497 3559 1562 3627 ie
1609 3560 2005 3648 cognitum,
2055 3559 2172 3629 sua
2227 3557 2293 3624 se
2347 3558 2413 3622 vi
2470 3560 2541 3627 δε
2582 3558 2845 3625 ratione
2890 3556 3285 3626 confirmet.

273 3669 428 3729 Hoc
477 3662 560 3729 de
607 3684 856 3751 genere
917 3665 1035 3749 qui
1081 3662 1468 3750 diligentius
1509 3658 2068 3727 confidet-'andum
2131 3673 2537 3745 putaverunt
2578 3706 2607 3740 ,
2674 3676 2837 3724 cum
2904 3657 3089 3727 idem
3158 3661 3285 3729 usu

269 3764 534 3834 dicendi
589 3762 1012 3852 sequerentur
1044 3813 1102 3847 ,.
1137 3760 1414 3848 paulum
1463 3762 1534 3827 in
1587 3760 1998 3847 praecipiendi
2053 3761 2305 3827 ratione
2350 3756 2780 3825 dissenserunt
2828 3804 2849 3831 .
2902 3762 3087 3827 Nam
3132 3782 3285 3847 par.

269 3870 402 3933 tim
456 3866 748 3955 quinque
799 3865 949 3943 eius
997 3877 1209 3949 partes
1253 3862 1380 3930 effe
1429 3859 1790 3947 dixerunt3
1835 3862 2084 3951 partim
2133 3882 2269 3929 non
2319 3856 2519 3949 pluS,
2566 3880 2775 3951 quam
2826 3861 2895 3927 in
2946 3877 3087 3929 tres
3132 3882 3283 3950 par-

261 3984 366 4034 tes
414 3969 585 4055 posse
631 3962 924 4035 distribut
975 3980 1417 4055 putaverunt.
1469 3964 1732 4030 Eorum
1778 3963 2303 4033 controversiam
2350 3982 2489 4027 non
2542 3962 3045 4031 incommodum
3099 3965 3273 4034 vide-

259 4086 378 4134 tur
427 4090 588 4137 cum
641 4078 1080 4157 utrorumque
1131 4068 1386 4135 ratione
1434 4086 1806 4155 exponere.
1861 4069 2040 4133 Nam
2091 4068 2166 4135 δι
2226 4062 2441 4135 brevis
2490 4062 2629 4147 est,
2678 4065 2751 4135 δι
2804 4087 2943 4137 non
2990 4064 3279 4151 ejusmo-

262 4168 332 4237 di
377 4225 400 4257 ,
463 4188 542 4238 ut
594 4171 792 4237 alteri
843 4169 1106 4261 prorsus
1155 4166 1319 4235 nihil
1373 4166 1588 4235 dicere
1637 4182 1950 4257 putentur
2004 4220 2030 4254 ,
2099 4168 2172 4235 &
2230 4166 2421 4235 locus
2472 4160 2586 4231 hic
2636 4162 2827 4235 nobis
2875 4172 2950 4238 in
2996 4165 3281 4236 dicendo

264 4272 546 4342 minime
597 4270 1046 4363 negligendus
1098 4268 1352 4337 videtur
1385 4316 1406 4332 .

2213 4368 2279 4435 D
2382 4390 2427 4435 a
3032 4370 3180 4456 Qi

293 4878 310 4891 ‚
339 4812 510 4891 (26)
539 4820 929 4877 Ratiocinatio
965 4857 985 4882 ‚
1037 4817 1114 4889 est
1147 4821 1365 4882 oratio)
1403 4814 1730 4877 Ratiocina·
1815 4803 2030 4871 ⁸horum
2069 4810 2365 4871 nominum
2400 4806 2717 4873 differentia
2762 4851 2779 4874 ,
2808 4802 3013 4867 etiamsi
3051 4800 3135 4857 vis
3171 4820 3271 4863 eo·-

263 4898 446 4940 nonts
479 4887 702 4948 nomine
739 4888 1136 4961 complestitur
1173 4889 1502 4951 hieTulit'ut
1535 4887 1730 4947 omnia
1825 4884 1954 4944 dem
1985 4881 2112 4943 stre
2147 4882 2367 4943 tendit.
2400 4883 2595 4949 Verbis
2628 4901 2751 4944 utor
2768 4871 3098 4949 Quintiliani
3118 4913 3135 4937 ‚
3172 4874 3271 4945 qui
3356 4922 3383 4950 0

260 4970 388 5091 ἔπιε
421 4956 614 5015 Graeci
645 4958 992 5030 ἐνθυμήματα
1014 4999 1030 5025 ,
1057 4962 1480 5029 ι’τσχιρίμτα,
1510 4956 1728 5012 εἴσοδοί-
1827 4956 1900 5017 de
1932 4954 2020 5016 his
2037 4952 2263 5031 copiose
2297 4953 2409 5028 agit
2444 4954 2612 5027 [ὡς.
2645 4972 2857 5025 capae.
2893 4954 3270 5019 capperonne-

299 5042 366 5087 υς
401 5042 602 5090 vocant
639 5070 662 5097 ,
707 5046 1018 5101 quanquam
1070 5029 1220 5104 apud
1255 5028 1390 5088 illos
1422 5024 1514 5087 -est
1547 5028 1734 5103 aliqua
1829 5034 1986 5091 rius.
2613 5039 2622 5048 ·

3498 769 3521 816 Ι
