4359 6321
945 573 1566 664 LIBER
1686 504 2517 668 PRIMUS}
3000 615 3119 710 33

214 713 441 782 ‘eere,
489 693 644 784 iiepe
697 689 848 760 satis
895 691 1030 762 esse
1080 694 1206 762 hoc
1261 690 1468 761 modo
1515 691 2162 780 argumentationem
2214 691 2432 763 facere
2466 721 2485 760 z
2540 695 2881 782 Qioniam
2933 703 3183 789 peperit
3240 757 3267 794 ,

256 819 409 870 cum
461 796 608 862 viro
661 793 1018 866 concubuit
1057 837 1075 860 .
1135 795 1312 860 Nam
1365 792 1494 862 hoc
1549 792 1798 862 nullius
1851 813 2068 882 neque
2119 794 2607 880 approbationis
2656 847 2683 882 ‚
2729 817 2941 888 neque
2994 798 3253 872 assum.

248 896 484 988 ptionis
505 949 528 985 ,
577 897 690 964 vel
739 895 876 973 eius
929 892 1442 984 approbationis,
1495 913 1708 983 neque
1752 894 2231 982 complexionis
2280 895 2537 984 indiget
2576 946 2593 960 .
2672 898 2803 965 Sed
2872 897 3057 968 nobis
3108 921 3255 970 am.

247 997 570 1089 biguitate
617 996 911 1065 nominis
967 993 1278 1064 videntur
1325 1014 1579 1066 errare.
1633 999 1813 1064 Nam
1865 994 2361 1082 argumentatio
2412 998 2683 1062 nomine
2736 1020 2877 1066 uno
2924 1021 3031 1068 res
3084 1001 3255 1074 duas

241 1099 580 1190 fignificat
615 1151 637 1186 ‚
702 1097 854 1166 ideo
899 1097 1076 1186 quod
1141 1099 1216 1168 δε
1269 1099 1624 1165 inventum
1677 1097 1969 1186 aliquam
2019 1097 2089 1162 in
2139 1116 2287 1164 rem
2342 1093 2677 1184 probabile
2715 1149 2738 1182 ‚
2806 1115 2927 1170 aut
2980 1104 3261 1176 neceffa.

242 1204 424 1270 rium
461 1253 482 1289 ‚
535 1197 1030 1291 argumentatio
1079 1215 1362 1268 vocatur
1397 1250 1422 1284 ‚
1491 1199 1564 1266 &
1619 1199 1764 1277 ejus
1816 1198 2064 1264 inventi
2113 1195 2463 1266 artificiosa
2512 1197 2829 1285 expolitio
2858 1245 2877 1265 .
2960 1203 3255 1288 Qando

239 1303 450 1391 igitur
501 1303 838 1391 proferent
895 1297 1148 1390 aliquid
1202 1297 1584 1380 hujusmodi
1623 1324 1639 1363 ι
1697 1299 2038 1385 Quoniam
2084 1299 2331 1388 peperit
2366 1351 2394 1386 ‚
2442 1319 2601 1370 cum
2656 1300 2805 1368 viro
2853 1301 3257 1370 concubuit:

239 1403 316 1469 in
327 1419 598 1474 ventum
648 1402 982 1496 proferent
1023 1453 1044 1488 ‚
1111 1424 1256 1474 non
1305 1399 1782 1491 expolitionem
1809 1449 1834 1470 .
1906 1404 2048 1470 Nos
2099 1417 2327 1472 autem
2374 1400 2457 1470 de
2502 1399 2921 1488 expolitionis
2970 1394 3257 1492 partibus

243 1505 630 1594 loquimur.
2123 1535 2130 1540 ·

346 1611 534 1676 XLI.
585 1605 774 1674 Nil-iil
823 1607 1029 1698 igitur
1079 1609 1166 1678 ad
1213 1609 1387 1679 hanc
1437 1627 1590 1677 rem
1641 1607 1808 1676 ratio
1855 1608 1974 1676 illa
2025 1606 2417 1696 pertinebit:
2470 1622 2665 1696 atque
2712 1605 2837 1672 hac
2888 1604 3251 1676 distinetio-

237 1724 334 1776 ne
371 1759 394 1792 ,
447 1707 574 1776 alia
626 1729 886 1798 quoque
917 1703 1130 1801 squae
1182 1711 1580 1780 videbuntur
1631 1709 1894 1779 officere
1943 1709 2099 1778 huic
2134 1708 2531 1796 partitioni,
2584 1703 3153 1796 propulsabimus,
3206 1707 3255 1774 si

237 1809 360 1896 qui
411 1825 528 1878 aut
579 1808 1076 1899 affiimptionem
1127 1814 1494 1904 aliquando
1545 1812 1691 1881 tolli
1741 1811 1916 1901 -poffe
1971 1827 2207 1900 putent
2248 1863 2271 1896 ,
2320 1825 2433 1876 aut
2485 1806 3034 1896 propofitionem.
3088 1813 3257 1891 Qiae

241 1907 294 1974 fi
346 1909 506 1997 quid
555 1908 748 1982 habet
797 1911 1127 2001 probabile
1161 1963 1186 1999 ,
1233 1932 1346 1982 aut
1403 1915 1830 1983 necessarium
1884 1965 1907 2000 ,
1957 1933 2228 2004 quoquo
2281 1911 2481 1978 modo
2528 1923 2957 1979 commoveat
3006 1908 3263 1979 audito-

243 2027 400 2073 rem
455 2014 701 2076 necesse
751 2013 844 2075 est
875 2057 895 2076 .
963 2015 1164 2093 Qod
1217 2012 1264 2076 si
1317 2013 1532 2080 solum
1581 2013 1650 2082 id
1689 2065 1710 2101 ‚
1775 2013 1954 2104 quod
2007 2018 2359 2083 inventum
2406 2010 2503 2080 est
2544 2061 2567 2094 ‚
2635 2008 3041 2097 lpeaaretui·
3082 2063 3105 2095 ‚
3180 2029 3257 2080 ac

241 2106 418 2174 nihil
456 2158 481 2192 ‚
527 2129 666 2195 quo
712 2105 904 2194 pasto
954 2109 1344 2174 traffliretur
1396 2112 1464 2174 id
1507 2163 1528 2193 ,
1595 2115 1774 2197 quod
1824 2116 1976 2180 effet
2026 2115 2487 2201 excogitatum
2531 2160 2553 2196 ‚
2600 2111 2873 2178 referret
2913 2137 2935 2198 ;
3004 2131 3257 2202 nequa-

245 2225 459 2297 quam
511 2221 774 2274 tantum
829 2206 1002 2274 inter
1059 2205 1351 2275 summos
1399 2223 1684 2276 oratores
1723 2259 1744 2292 ‚
1796 2214 1866 2277 &t
1923 2212 2289 2278 mediocres
2340 2211 2632 2277 intereffe
2677 2209 3205 2280 existimaretur.

349 2309 638 2376 Variare
685 2321 908 2374 autem
961 2310 1330 2377 orationem
1379 2329 1782 2397 magnopere
1836 2309 2193 2396 oportebit.
2246 2313 2427 2374 Nam
2458 2307 2763 2375 omnibus
2812 2310 2881 2372 in
2926 2308 3123 2378 rebus
3174 2309 3259 2376 fi-

241 2406 562 2476 militudo
607 2407 702 2475 est
749 2407 1061 2476 satietatis
1111 2425 1360 2477 mater.
1415 2407 1495 2474 Id
1543 2406 1694 2474 fieri
1739 2411 1982 2494 poterit
2014 2459 2040 2493 ,
2084 2407 2138 2474 si
2189 2427 2325 2476 non
2382 2407 2689 2476 similiter
2738 2404 2989 2494 semper
3038 2411 3256 2496 ingre-

239 2512 524 2578 diamur
573 2509 646 2578 in
693 2510 1335 2600 argumentationem
1373 2554 1390 2574 .
1475 2509 1653 2574 Nam
1701 2505 1996 2594 primum
2043 2508 2349 2572 omnium
2400 2506 2761 2594 generibus
2834 2506 2987 2592 ipfis
3042 2507 3263 2576 distin-

237 2632 454 2701 guere
499 2614 808 2681 convenit
859 2614 1236 2680 orationem
1271 2663 1294 2696 ,
1347 2611 1486 2677 hoc
1537 2607 1626 2676 est
1664 2660 1688 2694 ‚
1749 2621 1902 2676 tum
1953 2603 2339 2674 inductione
2391 2607 2497 2674 uti
2538 2657 2567 2691 ,
2622 2621 2766 2674 tum
2820 2606 3269 2674 ratiocinatio·

234 2733 374 2782 ne.
433 2714 690 2782 Deinde
737 2715 808 2779 in
859 2711 994 2799 ipsa
1043 2712 1626 2802 argumentatione
1675 2729 1810 2777 non
1863 2707 2118 2797 semper
2170 2727 2211 2774 a
2262 2706 2693 2796 propositione
2741 2707 3027 2792 incipere
3062 2758 3085 2792 ‚
3132 2727 3268 2778 nec

237 2812 510 2900 semper
559 2815 848 2903 quinque
893 2810 1184 2900 partibus
1237 2809 1417 2880 abuti
1460 2864 1481 2896 ‚
1550 2831 1760 2902 neque
1827 2809 2070 2878 eadem
2121 2809 2375 2876 ratione
2455 2808 2841 2896 partitiones
2888 2807 3183 2894 expolire
3237 2833 3279 2875 :-

239 2911 358 2982 sed
410 2931 555 2982 tum
609 2915 694 2982 ab
737 2913 1170 3003 affumptione
1221 2915 1506 3003 incipere
1557 2911 1714 2980 licet
1750 2964 1772 2997 ‚
1826 2928 1972 2982 tum
2019 2911 2102 2979 ab
2156 2908 2625 2998 approbatione
2674 2907 3001 2976 alterutra
3037 2957 3060 2992 ‚
3109 2926 3281 2978 tum·

239 3031 530 3105 utraque
571 3069 594 3102 ‚
661 3035 812 3084 tum
864 3015 988 3084 hoc
1043 3069 1064 3102 ‚
1117 3033 1268 3082 tum
1319 3015 1442 3084 illo
1492 3034 1732 3106 genere
1782 3012 2263 3102 complexionis
2311 3012 2409 3078 uti
2450 3059 2474 3076 .
2528 3007 2605 3074 Id
2662 3025 2738 3075 ut
2792 3005 3261 3096 perspiciatur,

236 3117 806 3215 aut3scribamu5,
856 3133 968 3187 aut
1005 3119 1076 3185 in
1119 3116 1413 3210 quolibet
1443 3114 1760 3207 exemplo
1807 3115 1886 3184 de
1933 3115 2063 3203 iis,
2112 3135 2255 3203 qiiae
2304 3107 2629 3203 proposita
2668 3107 2863 3197 sunt,
2908 3108 3033 3179 hoc
3080 3111 3261 3182 idern

233 3237 684 3287 exerceamus
729 3271 753 3304 ‚
803 3238 878 3285 ut
929 3240 1132 3308 quam
1187 3221 1386 3287 facile
1437 3220 1518 3287 sit
1571 3217 1786 3289 fastu.
2022 3247 2031 3255 ·
2977 3298 2981 3302 ,

355 3328 462 3384 Λα
515 3321 598 3383 de
648 3316 935 3404 partibus
985 3320 1250 3404 quidem
1303 3320 1893 3407 argumentationis
1949 3319 2107 3388 satis
2157 3314 2337 3385 nobis
2398 3315 2657 3387 ditium
2710 3314 3012 3385 videtur.
3070 3312 3257 3382 Illud

235 3432 478 3486 autem
531 3416 848 3487 volumus
895 3417 1187 3506 intelligi
1227 3468 1246 3500 ‚
1299 3438 1418 3483 nos
1467 3426 1665 3507 probe
1713 3436 1942 3487 tenere
1984 3470 2006 3503 ,
2058 3417 2203 3483 aliis
2252 3434 2523 3503 quoque
2570 3410 2933 3478 rationibus
2986 3412 3259 3477 traEtari

235 3520 866 3609 argumentationes
915 3519 982 3583 in
1037 3516 1458 3604 Philosophia
1511 3520 1738 3587 multis
1777 3548 1822 3602 ,·
1852 3520 1942 3584 ·&
1996 3512 2285 3579 obscuris
2322 3561 2343 3596 ‚
2410 3511 2491 3573 de
2542 3504 2783 3593 quibus
2848 3525 3107 3575 eertum
3173 3506 3265 3574 est

236 3622 620 3691 artificium
665 3619 1100 3691 constitutum
1139 3668 1156 3685 .
1229 3622 1496 3683 Verum
1545 3618 1664 3682 illa
1715 3610 1900 3679 nobis
1949 3610 2296 3677 abhorrere
2368 3604 2447 3673 ab
2496 3603 2619 3673 usu
2664 3606 2956 3674 oratorio
3030 3604 3261 3673 viden-

233 3736 398 3787 tur.
449 3726 620 3804 Qua:
673 3724 1000 3806 pertinere
1051 3733 1274 3786 autem
1323 3718 1412 3783 ad
1463 3713 1816 3783 dicendum
1835 3731 2195 3797 putamus,
2242 3728 2321 3773 ea
2370 3728 2498 3773 nos
2540 3706 3009 3791 commodius,
3058 3724 3261 3792 quam

229 3840 520 3890 caeteros
559 3872 579 3906 ,
649 3816 976 3885 attendisse
1023 3840 1156 3885 non
1209 3816 1618 3882 affirmamus
1657 3864 1678 3897 ‚
1755 3809 1858 3875 sed
1907 3808 2319 3899 perquilitius
2388 3806 2459 3873 δε
2514 3804 2899 3894 diligentius
2970 3804 3259 3873 conscri-

227 3923 434 4011 pfiflse
487 3919 874 4011 pollicemur
909 3966 928 3983 .
997 3923 1065 3985 N
1069 3938 1202 3987 unc
1244 3968 1266 4005 ,
1335 3932 1410 3982 ut
1463 3912 1860 3981 instituimus
1897 3962 1922 3999 ,
1985 3906 2307 3999 proficisci
2360 3904 2585 3975 ordine
2652 3902 2735 3971 ad
2784 3906 3043 3995 reliqua
3108 3924 3257 3993 per·

231 4042 534 4113 gemus.

341 4126 568 4193 xLli.
645 4121 1083 4211 Reprehensio
1147 4119 1240 4189 est
1313 4122 1512 4209 (86)
1561 4171 1580 4205 ‚
1661 4138 1776 4206 per
1846 4134 2052 4205 quam
2121 4103 2665 4203 argumentando
2728 4105 3260 4175 adversariorum

237 4224 680 4296 confirmatio
724 4226 934 4313 (87)
979 4221 1252 4293 diluitur
1289 4274 1310 4308 ,
1363 4234 1479 4288 aut
1525 4218 1908 4287 infirmatur
1949 4270 1969 4303 ,
2021 4229 2135 4283 aut
2190 4214 2448 4283 levatur
2500 4258 2520 4277 .
2574 4210 2735 4274 Haec
2786 4207 2971 4275 fonte
3020 4208 3255 4275 inven-

239 4330 460 4395 tionis
507 4325 744 4395 eodem
795 4341 1018 4392 utetur
1057 4376 1079 4411 ,
1125 4344 1258 4413 quo
1305 4323 1517 4389 utitur
1569 4319 2031 4405 confirmatio,
2079 4330 2415 4407 propterea
2462 4306 2643 4397 quod
2666 4354 2687 4393 ,
2738 4306 2972 4402 quibus
3022 4327 3105 4375 ex
3159 4307 3261 4377 lo-

235 4431 338 4497 cis
393 4428 619 4517 aliqua
673 4446 782 4493 res
831 4424 1221 4494 confirmari
1274 4420 1519 4511 potest,
1569 4421 1804 4491 iisdem
1853 4418 2052 4509 potest
2098 4438 2185 4484 ex
2226 4414 2385 4483 locis
2426 4406 2797 4477 infirmari»
2836 4406 3023 4475 Ninil
3074 4408 3259 4481 enim

235 4528 801 4599 considerandum
849 4525 940 4594 est
991 4530 1062 4594 in
1110 4527 1216 4595 his
1265 4522 1574 4592 omnibus
1629 4519 2160 4603 inventionibus,
2210 4514 2333 4585 nifi
2386 4512 2491 4601 id,
2544 4507 2717 4601 quod
2768 4508 3091 4598 personis,
3142 4528 3257 4581 aut

237 4631 536 4723 negotiis
583 4630 976 4699 attributum
1026 4626 1150 4697 est.
1208 4633 1436 4716 Quare
1483 4624 1938 4695 inventionem
1989 4673 2012 4709 ,
2081 4621 2152 4693 δε
2206 4609 2875 4781 ετειὲωεηεαιίοηιιω
2921 4610 3273 4701 expolitio-‚

461 4736 634 4799 Tom.
687 4738 744 4798 Ι.
3006 4732 3167 4784 nem

238 4912 3231 4998 w

317 5064 504 5159 ires)
553 5095 894 5165 Reprehensa,
929 5094 1058 5169 effi>
1113 5091 1276 5157 Alias
1313 5088 1626 5155 infirmatio
1660 5092 1718 5149 ες
1907 5084 1938 5161 ς
1974 5084 2106 5159 ⁸2.)
2175 5070 2530 5157 confirmacio
2563 5075 2595 5132 i
2658 5059 3001 5133 xamexaen·
3028 5102 3048 5129 ‚

244 5161 553 5233 refutatio,
591 5164 866 5233 ἄνασκσίῆ
889 5208 908 5228 .
941 5166 1092 5231 Idem
1114 5204 1131 5224 .
1829 5148 2207 5229 Quintilianus
2231 5144 2609 5220 proc-amnem
2635 5134 2825 5213 pamm
2860 5156 3050 5197 vocat.
3082 5144 3117 5197 1
3245 5176 3263 5193 .
