4359 6321
1250 434 1436 553 275
1952 396 3272 505 DEoRA‘rORE

1122 556 1347 629 &ione
1398 562 1671 633 eorunm
1718 534 1859 609 dixl
1904 532 1989 603 de
2038 540 2572 615 nurnero-atque
2621 522 2840 590 forma
2881 565 2898 587 .
2967 519 3196 590 Sedfi
3247 513 3557 587 habitum
3627 518 3841 596 etiam
3889 524 4134 601 ontio.

1121 660 1269 741 nis,
1320 656 1395 725 &
1446 646 1627 741 quasi
1645 642 1939 712 colorem
1960 635 2254 723 aliquem
2303 624 2675 716 requiritis,
2719 622 2812 691 est
2849 622 2920 692 δε
2977 621 3176 709 plena
3203 619 3556 712 quaedam,
3613 620 3726 693 sed
3747 640 3974 697 tamen
4031 646 4130 702 te.

1122 778 1275 843 res;
1328 757 1399 829 gt
1460 748 1725 833 renuis,
1771 762 1909 809 non
1958 735 2095 807 fine
2148 729 2374 801 nervis
2425 745 2502 795 ac
2554 723 2844 811 viribus3
2901 724 2972 793 δι
3029 742 3154 807 ea,
3202 746 3344 812 quae
3399 723 3724 815 particeps
3777 728 4132 822 utriusque

1125 855 1387 949 generis
1435 847 1728 941 quadam
1776 836 2234 911 mediocritate
2287 826 2592 898 laudatur
2632 874 2648 893 .
2727 828 2856 891 His
2903 819 3121 891 tribus
3189 826 3434 911 figuris
3504 823 3786 897 insidere
3853 830 4130 923 quidam

1126 954 1530 1040 venustatis,
1579 968 1713 1027 non
1766 944 1923 1013 fuco
1971 940 2230 1020 illitus,
2282 927 2394 999 sed
2447 926 2772 1015 sanguine
2821 920 3100 991 diffusus
3148 922 3334 992 debet
3386 923 3573 993 color·
3613 976 3630 995 .
3703 931 3890 999 Tum
3939 930 4124 1003 deni.

1126 1078 1261 1151 que
1312 1054 1497 1125 nobis
1546 1051 1657 1120 hic
1708 1062 1928 1115 orator
1981 1041 2075 1109 ita
2126 1026 2654 1105 conformandus
2703 1022 2799 1093 est
2856 1023 2927 1093 δε
2988 1018 3200 1093 verbis
3257 1027 3330 1095 δε
3391 1022 3730 1097 sententiis
3765 1082 3787 1120 ,
3833 1050 3910 1101 ut
3965 1057 4128 1127 que.

1128 1155 1569 1229 madmodum
1618 1148 1735 1240 qui
1787 1157 2073 1215 utuntur
2124 1136 2330 1204 armis
2400 1143 2514 1195 aut
2582 1123 2870 1215 palaestra
2911 1174 2933 1209 ,
3003 1144 3143 1193 non
3213 1124 3432 1199 solum
3484 1129 3734 1199 vitandi
3775 1185 3797 1220 ,
3865 1151 3980 1203 aut
4033 1138 4132 1205 fe.

1132 1257 1344 1328 riendi
1398 1254 1725 1323 rationem
1776 1242 2147 1315 habendam
2198 1244 2436 1326 putant
2475 1279 2498 1313 ,
2567 1226 2674 1294 sed
2727 1226 2930 1293 etiam
2970 1276 2992 1311 ,
3066 1241 3143 1293 ut
3193 1249 3359 1297 cum
3414 1230 3758 1301 venustate
3805 1255 4132 1307 movean-

1134 1374 1288 1430 turz
1338 1358 1425 1425 fic
1477 1352 1693 1423 verbis
1710 1347 1981 1437 quidem
2032 1338 2117 1405 ad
2166 1352 2392 1424 aptam
2442 1326 2978 1417 compositionem
3019 1327 3091 1397 δε
3150 1327 3575 1417 decentiam,
3633 1330 3972 1403 sententiis
4021 1359 4133 1407 vo-

1130 1480 1212 1533 ro
1262 1457 1344 1527 ad
1398 1454 1796 1545 gravitatem
1845 1434 2161 1512 orationis
2213 1436 2368 1525 (⁴¹)
2422 1446 2651 1499 utatur
2697 1477 2722 1515 ,
2767 1446 2844 1496 ut
2903 1429 2947 1499 ii
2987 1480 3010 1514 ,
3058 1431 3172 1519 qui
3225 1430 3294 1497 in
3347 1450 3694 1509 armorum
3741 1436 4130 1509 transtatione

1130 1559 1477 1631 versantur
1508 1600 1527 1617 .
2084 1578 2093 1585 ’

1240 1659 1640 1723 Formantur
1693 1661 1928 1721 autem
1986 1642 2059 1711 &
2117 1635 2316 1708 verba
2372 1635 2453 1705 δι’
2503 1624 2838 1701 sententiae
2889 1650 3054 1721 pene
3105 1632 3626 1707 innumerabiles
3671 1672 3694 1714 .-
3745 1640 3920 1727 quod
3977 1639 4130 1709 satis

1139 1757 1283 1831 scio
1331 1769 1565 1823 notum
1613 1747 1738 1817 esse
1790 1746 2020 1817 vobisz
2074 1737 2186 1809 sed
2237 1740 2406 1806 inter
2459 1733 3064 1803 conformationem
3106 1734 3461 1807 verborum
3515 1741 3590 1809 δε
3652 1736 4130 1809 sententiarum

1135 1860 1269 1933 hoc
1322 1852 1625 1938 interest,
1676 1848 1858 1942 quod
1910 1842 2268 1915 verborum
2319 1834 2578 1905 tollitur
2619 1888 2638 1920 ,
2689 1832 2738 1901 fi
2797 1836 2992 1905 verba
3045 1838 3325 1905 mutaris
3365 1866 3390 1927 ,-
3463 1837 3944 1909 sententiarum
3991 1862 4132 1931 per-

1139 1974 1418 2043 manet,
1468 1952 1989 2047 quibuscumque
2048 1940 2262 2015 verbis
2313 1941 2414 2006 uti
2467 1937 2633 2004 velis
2673 1982 2691 2003 .
2773 1935 2978 2020 Quod
3025 1939 3294 2027 quidem
3350 1960 3468 2009 vos
3515 1940 3636 2009 etfi
3691 1940 3909 2011 facitis
3947 1992 3971 2029 ,
4037 1960 4131 2017 ta-

1142 2080 1305 2133 men
1362 2052 1803 2127 admonendos
1852 2064 2017 2141 puro
2052 2096 2076 2133 ,
2144 2062 2234 2111 ne
2281 2037 2444 2131 quid
2491 2038 2614 2107 effe
2665 2034 2850 2105 aliud
2900 2040 3180 2106 oratoris
3253 2046 3492 2126 putetis
3529 2092 3552 2127 ,
3617 2041 3793 2130 quod
3861 2044 4138 2133 quidem

1150 2162 1230 2232 fit
1278 2160 1638 2249 egregium
1708 2169 1905 2242 atque
1972 2142 2273 2219 mirabile
2309 2193 2334 2231 ,
2399 2138 2530 2206 nisa
2591 2140 2660 2205 in
2717 2136 2995 2227 singulis
3071 2138 3286 2209 verbis
3337 2141 3456 2210 illa
3509 2142 3630 2209 tria
3703 2157 3928 2210 tenere
3964 2195 3987 2228 ,
4061 2160 4142 2213 ut

1150 2261 1496 2333 translatis
1545 2270 1817 2326 utamur
1874 2251 2296 2339 frequenter,
2343 2236 2818 2329 interdumque
2871 2238 3064 2308 saetis
3089 2290 3112 2326 ,
3158 2260 3337 2311 tarot
3365 2258 3580 2311 autem
3647 2245 3844 2309 etiam
3899 2263 4138 2331 perve-

1146 2380 1221 2434 tu
1241 2360 1391 2431 stisz
1441 2361 1511 2427 in
1564 2372 1875 2448 perpetua
1922 2367 2149 2419 autem
2199 2348 2496 2423 oratione
2547 2352 2806 2431 (77),
2857 2361 3019 2413 cum
3077 2342 3150 2411 &
3203 2342 3676 2421 coniunctionis
3729 2342 4078 2411 lenitatem
4119 2395 4142 2429 ,

1156 2468 1230 2537 &
1289 2476 1727 2529 numerorum
1762 2507 1783 2543 ,
1854 2472 2067 2544 quam
2114 2448 2318 2533 dixi,
2383 2442 2715 2519 rationem
2785 2444 3199 2513 tenuerimus
3239 2495 3260 2530 ,
3325 2462 3469 2513 tum
3523 2443 3706 2534 quasi
3757 2442 4132 2515 luminibus

1157 2560 1680 2656 distinguenda,
1750 2558 1824 2629 δι
1898 2548 2380 2644 frequentanda
2451 2546 2674 2612 omnis
2745 2544 2954 2643 oratio
2993 2594 3015 2633 ,
3085 2543 3560 2617 sententiarum
3629 2560 3836 2635 atque
3903 2544 4124 2615 verbo-

1148 2684 1307 2735 rum
1334 2711 1353 2729 .
2681 2710 2686 2715 .

1258 2766 1450 2833 LIII.
1505 2764 1690 2829 Nam
1747 2759 1820 2828 ὅ(
1874 2751 2313 2827 commoratio
2359 2769 2498 2819 una
2546 2750 2615 2817 in
2667 2765 2739 2816 re
2789 2748 3198 2835 permultum
3253 2765 3525 2835 movet,
3573 2750 3646 2819 ὅ(
3705 2746 3970 2819 illustris
4019 2766 4137 2815 ex·

1147 2864 1494 2956 planatiO,
1543 2880 1896 2951 rerumque
1926 2912 1949 2946 ,
1996 2856 2178 2951 quali
2233 2869 2595 2945 gerantur,
2647 2844 2764 2916 sub
2815 2846 3200 2937 adspestum
3247 2870 3413 2939 pene
3466 2848 3784 2928 subiectio
3821 2902 3844 2935 ,
3891 2849 4134 2939 quat&

1148 2967 1225 3035 in
1280 2964 1667 3056 exponenda
1717 2982 1789 3029 re
1840 2959 2214 3050 plurimum
2265 2954 2442 3023 valet
2483 3005 2506 3040 ,
2557 2953 2632 3023 δι
2691 2947 2770 3017 ad
2823 2946 3283 3019 illustrandum
3333 2950 3396 3019 id
3433 3004 3458 3039 ,
3508 2950 3686 3042 quod
3753 2952 4140 3039 exponitur,

1151 3070 1225 3139 δι
1283 3065 1369 3135 ad
1423 3060 2015 3155 amplificandum,
2064 3078 2142 3130 ut
2195 3058 2323 3142 iis,
2376 3055 2490 3145 qui
2551 3049 2822 3121 audient
2862 3099 2886 3136 ,
2950 3050 3165 3142 illud,
3215 3048 3391 3141 quod
3439 3049 3834 3142 augebimus
3869 3104 3892 3139 ,
3941 3053 4148 3143 quan-

1152 3187 1310 3240 tum
1357 3167 1616 3237 efficere
1664 3163 1875 3235 oratio
1922 3162 2170 3253 poterit
2211 3212 2233 3244 ,
2309 3174 2585 3224 tantum
2633 3152 2754 3222 effe
2809 3148 3108 3221 videatur
3147 3178 3168 3220 ι
3235 3154 3309 3224 &
3383 3153 3540 3224 huic
3609 3155 3938 3222 contraria
3987 3151 4152 3240 saepe

1152 3269 1439 3362 praecifio
1485 3266 1617 3337 est:
1675 3270 1746 3339 δε
1802 3267 1955 3354 plus
2006 3264 2091 3330 ad
2142 3253 2667 3348 intelligendum
2711 3307 2732 3342 ,
2795 3272 3001 3342 quam
3051 3255 3302 3322 dixeris
3339 3307 3364 3341 ,
3414 3255 3860 3346 significatio:
3915 3257 3986 3325 δι
4045 3254 4155 3322 di-

1151 3371 1388 3444 stinste
1437 3368 1710 3440 concisa
1758 3366 2091 3452 boevitu,
2149 3364 2221 3433 δι
2277 3359 2709 3430 extenuatioz
2763 3355 2832 3424 δε
2877 3355 3054 3450 ‚huic
3105 3355 3416 3452 adjunsta
3471 3355 3691 3424 illusio
3729 3407 3750 3439 ‚
3818 3374 3858 3418 a
3905 3374 4158 3442 pratee-

1150 3474 1280 3564 ptis
1328 3470 1603 3542 Caesaris
1654 3489 1791 3538 non
1844 3465 2259 3538 abhorrens:
2337 3463 2408 3534 &-
2485 3479 2526 3526 a
2599 3476 2676 3526 re
2750 3473 2885 3520 non
2959 3455 3164 3548 longa
3215 3453 3506 3546 digreffio
3539 3506 3561 3542 ,
3633 3453 3704 3522 in
3775 3471 3910 3543 qua
3979 3475 4164 3525 cum

1151 3573 1365 3644 fuerit
1412 3569 1799 3655 delcetatio,
1848 3584 1995 3636 tum
2043 3565 2293 3636 reditus
2344 3562 2426 3630 ad
2471 3579 2620 3628 rem
2667 3573 2862 3646 aptus
2923 3559 2991 3628 δι
3039 3558 3412 3629 concinnus
3455 3558 3578 3626 effe
3631 3551 3924 3622 debebit.-
3981 3573 4160 3644 pro-

1148 3669 1513 3764 pofitioque
1560 3669 1715 3758 quid
1766 3667 1849 3742 fis
1896 3666 2243 3738 diekurusz
2295 3664 2368 3734 dt
2432 3656 2516 3730 ab
2559 3681 2640 3730 eo
2672 3711 2696 3746 ,
2759 3659 2958 3749 quod·
2999 3659 3092 3730 est
3139 3659 3438 3745 diRum,
3491 3653 3802 3738 seiunffio
3848 3679 3866 3719 ι
3917 3655 3991 3723 δι
4050 3673 4162 3721 re-

1154 3769 1339 3845 ditus
1394 3769 1481 3836 ad
1530 3765 1980 3856 propofitum,
2026 3769 2101 3838 δε
2160 3762 2414 3832 iteratio
2451 3786 2476 3830 z
2553 3764 2626 3833 δι
2683 3761 2959 3831 rationis
3009 3779 3164 3852 apta
3217 3759 3560 3830 conclulio
3595 3781 3620 3824 .·
3693 3773 3843 3828 tum
3897 3773 4154 3845 augen-

1154 3865 1755 3957 di,.minuendive
1806 3865 2045 3955 causa,
2091 3865 2384 3935 veritatis
2435 3860 2796 3952 superlatio
2833 3915 2855 3950 ,
2923 3877 3117 3953 atque
3167 3859 3524 3940 trajefflo:
3579 3861 3650 3931 δε
3705 3857 4004 3948 rogatio,
4057 3872 4158 3924 at·

1156 3988 1293 4062 que
1350 3969 1505 4042 huic
1556 3967 1843 4039 finitima
1890 3969 2073 4061 quafi
2128 3965 2586 4058 percontatio:
2639 3963 3094 4053 expolitioque
3148 3961 3484 4032 sententiae
3539 3961 3712 4032 suae:
3773 3976 3920 4026 tum
3969 3957 4092 4024 illa
4131 4009 4158 4041 ,

1157 4071 1459 4142 max-ime
1507 4069 1699 4162 quafi
1752 4071 1983 4162 irrepit
2033 4071 2103 4140 in
2152 4067 2516 4138 hominum
2568 4083 2870 4153 menteS,
2919 4064 3052 4133 alia
3103 4063 3380 4134 dicentis
3433 4083 3509 4132 ac
3567 4059 3996 4152 significantis
4019 4057 4157 4124 dis-

1156 4171 1545 4260 fimulatio,
1597 4193 1745 4262 quae
1792 4171 1887 4242 est
1938 4171 2403 4260 perjucunda,
2455 4191 2616 4238 cum
2673 4169 2741 4238 in
2794 4168 3092 4246 oratione
3141 4187 3282 4236 non
3332 4165 3809 4249 contentione,
3861 4160 3967 4229 sed
4022 4157 4164 4227 ser-

1156 4293 1359 4346 mone
1404 4273 1761 4343 traantur:
1816 4270 2063 4342 deinde
2116 4269 2474 4360 dubitatio,
2525 4288 2676 4341 tum
2723 4268 3134 4360 distributio,
3183 4284 3331 4339 tum
3385 4265 3711 4336 correctio
3765 4263 3870 4332 vel
3927 4277 4083 4330 ante
4123 4311 4162 4356 .›

1158 4375 1269 4445 vel
1322 4373 1667 4466 postquam
1714 4374 1964 4446 dixeris
1997 4424 2022 4464 ,
2096 4375 2208 4446 vel
2259 4395 2420 4445 cum
2473 4371 2726 4466 aliquid
2795 4391 2836 4442 a
2887 4385 2962 4441 te
3002 4372 3138 4462 ipso
3189 4370 3445 4451 rejicias
3489 4393 3507 4437 ι
3579 4363 3996 4478 praemunitio
4069 4361 4166 4432 est

3851 4480 4062 4536 etiarn

1232 4803 1352 4885 (ἢ
1377 4807 1593 4864 Utatur
1622 4810 1655 4872 )
1748 4823 1829 4864 uae
1864 4825 2055 4868 vocem
2088 4807 2233 4870 hanc
2267 4805 2600 4882 sequnntur,
2699 4801 3119 4894 Quintilianus,
3151 4797 3251 4858 lib.
3288 4803 3396 4882 ἰκ.ο
3417 4817 3536 4875 oep.
3573 4819 3624 4858 r.
3655 4814 3816 4871 atque
3853 4789 3924 4852 ibi
3961 4805 4164 4867 τεχζτ·

1158 4873 1451 4942 nmbmns
1486 4873 1637 4937 delet
1666 4895 1707 4938 u
1732 4896 1839 4951 que
1872 4878 1942 4938 ad
1976 4887 2352 4940 Formantur.
2699 4897 2775 4940 xa
2819 4915 2836 4942 ,
2877 4893 2996 4947 quae
3033 4871 3128 4933 luc
3162 4889 3455 4931 acervatim
3509 4885 3804 4932 occurrunt
3829 4905 3853 4936 .
3894 4883 4062 4927 voees
4097 4855 4166 4916 11-

1229 4949 1265 5010 (
1281 4950 1395 5016 77)
1441 4951 1510 5012 tn
1534 4960 1574 5032 ρ
1661 4966 1795 5011 ma
1844 4967 2043 5010 aarum
2078 4956 2324 5012 oratione
2347 4954 2380 5016 )
2433 4951 2600 5009 Hunc
2702 4951 2760 5010 lu
2813 4949 2958 5011 ravit
2995 4942 3240 5026 eruditus
3286 4946 3787 5022 Cappermnerins.

1157 5013 1343 5081 hun
1374 5035 1439 5082 ac
1469 5017 1541 5086 de
1704 5041 1825 5100 cap.
1860 5041 2065 5099 μσς.
2092 5028 2153 5087 oc
2189 5040 2282 5099 55.
2315 5019 2604 5098 cererin&
