4359 6321
1271 488 1464 631 r360
2082 471 3246 577 DECLARIS-
4068 562 4073 567 ,

1151 610 1381 703 liquit.
1433 610 1539 678 Ita
1590 602 1966 700 graviffimo
2019 598 2138 672 suo
2186 600 2388 688 casu,
2434 601 2599 671 dum
2651 600 2821 684 Cyri
2872 601 2948 670 δε
3006 593 3377 667 Alexandri
3430 590 3665 669 {imnis
3716 597 3846 672 effe
3890 608 4165 703 voluit,

1155 714 1270 803 qui
1325 711 1522 781 suum
1575 707 1848 778 cursum
1896 702 2440 775 transcurrerant
2477 728 2502 793 ς
2556 702 2626 773 &
2684 702 2764 770 L.
2817 700 3015 771 Craffi
3070 702 3143 773 δε
3200 698 3573 770 multorum
3620 701 3993 781 Crafl'orum
4047 714 4161 783 in.

1151 828 1388 883 ventus
1437 810 1530 879 est
1579 807 2085 878 diffimillimus.
2599 796 2605 811 ‘
3306 842 3315 853 .
3376 826 3383 833 ·
3920 817 3933 825 ·

1259 914 1611 983 LXXXII.
1665 908 1791 979 Sed
1840 906 1926 976 ad
1977 905 2271 979 Calvum
2318 908 2374 998 (ἵ
2392 904 2448 973 is
2496 902 2683 972 enim
2732 904 2918 971 nobis
2966 918 3107 972 erat
3158 903 3524 993 propositus
3564 914 3615 993 )-
3666 922 4071 989 revertamur
4129 939 4158 983 ς

1157 1016 1272 1107 qui
1321 1030 1546 1081 orator
1605 1011 1816 1082 fuifl‘et
1871 1030 2029 1079 cum
2078 1007 2286 1077 literis
2331 1005 2645 1074 eruditior
2689 1058 2711 1091 ‚
2760 1021 2964 1096 quam
3012 1002 3259 1091 Curio,
3308 1019 3457 1075 tum
3498 1006 3711 1075 «etiam
3762 1010 4159 1085 accuratius

1155 1114 1489 1208 quoddam
1539 1111 1802 1181 dicendi
1857 1113 1930 1181 δε
1982 1108 2374 1201 exquisitius
2447 1102 2753 1173 afferebat
2804 1124 3017 1195 genus
3058 1156 3080 1192 ‚
3133 1107 3309 1195 quod
3360 1128 3747 1200 quanquam
3798 1108 4077 1183 scienter
4130 1169 4159 1205 ,

1152 1220 1622 1305 eleganterque
1688 1210 2046 1298 trastabat,
2097 1212 2387 1277 nimium
2434 1222 2660 1275 tamen
2716 1206 3058 1297 inquirens
3124 1207 3197 1274 in
3253 1206 3357 1295 se,
3408 1228 3607 1301 atque
3659 1211 3797 1299 ipse
3848 1210 3981 1283 sese
4028 1214 4157 1284 ob-

1154 1319 1468 1403 servans,
1518 1318 1944 1404 metuenlque
1981 1332 2076 1379 -ne
2131 1306 2443 1377 vitiosum
2494 1307 2873 1396 colligeret,
2922 1307 3123 1375 etiam
3192 1328 3429 1377 verum
3482 1311 3875 1399 sanguinem
3914 1319 4153 1403 deper-

1149 1416 1336 1486 debat
1379 1468 1396 1485 .
1451 1421 1683 1508 Itaque
1735 1416 1879 1493 eius
1927 1411 2134 1481 oratio
2185 1410 2387 1476 nimia
2462 1404 2787 1498 religione
2836 1422 3171 1475 attenuata
3216 1460 3236 1494 ,
3289 1408 3547 1498 dna-is,
3598 1413 3669 1481 dt
3726 1428 3971 1483 attente
4018 1440 4151 1485 au-

1147 1520 1474 1587 dientibus
1523 1533 1662 1583 erat
1712 1512 2025 1581 illustris:
2079 1532 2118 1579 a
2169 1507 2602 1579 multitudine
2656 1528 2926 1596 autem,
2982 1510 3053 1581 &c
3110 1529 3151 1577 a
3200 1509 3345 1582 foro
3387 1564 3410 1600 ,
3446 1514 3572 1582 cui
3620 1529 3779 1583 nata
3824 1514 4147 1609 eloquen-

1158 1623 1252 1689 tia
1300 1620 1434 1703 est,
1483 1612 1958 1682 devorabatur.

1251 1722 1440 1785 Tum
1490 1719 1786 1802 Brutu5‚
1837 1717 2140 1785 Atticum
2196 1715 2299 1802 se,
2350 1714 2607 1807 inquit,
2656 1714 2909 1783 Calvus
2958 1713 3170 1783 noster
3218 1713 3349 1786 dici
3400 1734 3731 1788 oratorem
3802 1720 4068 1790 volebat
4120 1766 4139 1789 .

1155 1818 1317 1888 Inde
1383 1832 1523 1885 erat
1590 1816 1708 1885 ista
1791 1818 2054 1887 exilitas
2086 1871 2106 1905 ,
2179 1838 2384 1909 quam
2454 1818 2567 1884 ille
2633 1818 2716 1883 de
2787 1815 3095 1884 industria
3163 1817 3681 1911 consequebatur
3717 1869 3733 1886 .
3816 1821 4143 1910 Dicebat,

1155 1922 1474 2012 inquam,
1523 1918 1656 1986 ita:
1709 1916 1819 1985 sed
1872 1920 1943 1990 &
1997 1916 2128 2009 ipse
2179 1916 2439 2023 errabat
2483 1968 2506 2003 ‚
2560 1918 2631 1987 ὅ(
2689 1915 2852 1984 alios
2900 1920 3104 1985 etiam
3152 1939 3371 1988 errare
3420 1920 3692 2012 cogebat
3734 1970 3750 1989 .
3804 1926 4035 2011 Nam,
4090 1923 4142 1989 fi

1150 2023 1299 2114 quis
1346 2042 1502 2107 εοε,
1561 2022 1676 2110 qui
1729 2040 1847 2088 nec
1899 2020 2115 2109 inepte
2165 2020 2393 2087 dicunt
2433 2070 2456 2105 ,
2525 2039 2648 2087 nec
2697 2016 2916 2085 odiose
2946 2072 2969 2106 ,
3022 2039 3143 2087 nec
3195 2020 3463 2109 putide,
3518 2022 3741 2091 Attice
3788 2041 3980 2112 putat
4036 2022 4147 2090 di·

1148 2143 1298 2192 cere
1336 2176 1356 2211 ,
1407 2124 1461 2189 is
1533 2120 1708 2191 reste
1742 2173 1765 2207 ,
1815 2120 1934 2188 nist
1989 2122 2297 2189 Atticum
2339 2174 2361 2207 ,
2426 2119 2651 2209 probat
2702 2121 3036 2187 nerninem
3074 2171 3091 2188 .
3172 2122 3607 2191 Insulfitatem
3658 2125 3842 2191 enim
3900 2128 3973 2195 δε
4032 2125 4149 2192 in·
4224 2174 4229 2178 -

1151 2225 1500 2293 solentiam
1540 2277 1561 2309 ‚
1633 2231 1976 2315 'tanquam
2044 2222 2371 2291 insaniam
2440 2220 2779 2311 quandam
2866 2222 3183 2290 orationis
3233 2276 3255 2309 ,
3320 2222 3450 2291 odit
3488 2249 3508 2289 ι
3594 2222 3935 2291 sanitatem
4006 2246 4153 2293 au·-

1149 2342 1290 2394 tem
1359 2328 1430 2395 δε
1505 2327 1958 2414 integritatem
2000 2378 2022 2411 ,
2087 2323 2269 2414 quafi
2342 2323 2733 2412 religionem
2803 2323 2874 2393 ὅ(
2954 2324 3417 2393 verecundiam
3485 2325 3753 2392 oratoris
3824 2322 4073 2412 probat
4120 2372 4155 2395 .

1149 2434 1315 2497 Haec
1367 2428 1676 2494 omnium
1725 2416 1918 2493 debet
1971 2443 2318 2492 oratorum
2367 2424 2613 2491 eadem
2646 2424 2769 2492 effe
2821 2421 3185 2497 sententia.
3242 2428 3354 2492 Sin
3406 2440 3623 2495 autem
3673 2425 4151 2515 ieiunitatem,

1150 2531 1222 2598 ὃ(
1305 2527 1662 2597 siccitatem
1697 2580 1718 2613 ,
1789 2529 1862 2597 δε
1937 2527 2232 2615 inopiam
2273 2580 2293 2614 ,
2365 2526 2725 2597 dummodo
2802 2523 2877 2591 fit
2930 2528 3173 2615 polita,
3226 2526 3391 2597 dum
3440 2528 3731 2611 urbana,
3778 2525 3950 2595 dum
3996 2526 4146 2595 ele-

1146 2647 1356 2717 gans,
1411 2626 1481 2693 in
1539 2630 1759 2695 Attico
1807 2649 2045 2717 genere
2095 2630 2327 2717 ponit3
2384 2628 2505 2696 hoc
2559 2628 2735 2695 reite
2784 2625 3171 2721 duntaxat35
3245 2628 3349 2696 sed
3406 2628 3561 2721 quia
3629 2625 3783 2694 sunt
3832 2628 3905 2695 in
3960 2629 4143 2695 Atti.

1145 2729 1244 2796 cis
1297 2727 1427 2793 alia
1480 2729 1801 2814 meliora,
1855 2734 2076 2797 videat
2126 2750 2214 2796 ne
2268 2732 2529 2817 ignoret
2582 2730 2655 2796 δε
2712 2727 3004 2816 gradus,
3058 2732 3129 2797 δε
3173 2727 3777 2814 diffimilitudines,
3830 2731 3901 2799 dt
3951 2732 4137 2819 vim,

1149 2831 1220 2899 &
1284 2826 1668 2894 varietatem
1725 2831 2145 2897 Atticorum.
2204 2832 2505 2913 Atticos,
2558 2829 2816 2915 inquit,
2887 2830 3045 2925 qolo
3097 2828 3388 2901 imitari.
3462 2830 3717 2911 Quos?
3778 2850 3897 2899 nec
3948 2833 4139 2900 enim

1147 2928 1241 2996 est
1293 2948 1506 2995 unum
1556 2924 1768 3017 genus
1805 2972 1826 2995 .
1895 2932 2074 2995 Nam
2127 2930 2287 3017 quid
2339 2928 2432 2995 est
2484 2944 2619 2994 tam
2672 2925 2969 2993 diffimile
3006 2976 3029 3011 ,
3077 2947 3283 3016 quam
3337 2928 3813 2997 Demosthenes
3862 2934 3929 3001 δι
3984 2936 4139 3017 Ly..

1147 3030 1329 3097 lias?
1381 3050 1586 3120 quam
1638 3027 1854 3115 idem,
1907 3030 1978 3099 &
2036 3027 2403 3115 Hyperides
2446 3029 2482 3092 ἒ
2536 3046 2738 3120 quam
2788 3028 3091 3095 omniurn
3140 3028 3386 3095 horum
3441 3028 3858 3100 AEschines?
3906 3037 4135 3115 Quem

1149 3131 1358 3220 igitur
1407 3129 1749 3200 imitaris?
1821 3133 1888 3200 Si
1940 3130 2226 3220 aliquem
2268 3184 2289 3216 ,
2359 3130 2577 3198 caeteri
2625 3148 2791 3217 ergo
2844 3131 3067 3196 Attice
3119 3148 3253 3196 non
3300 3114 3653 3198 dicebant'.
3701 3132 3769 3200 Si
3818 3155 4041 3204 omnes
4101 3165 4127 3228 3

1145 3233 1258 3321 qui
1314 3251 1530 3320 potes,
1597 3253 1753 3300 cum
1812 3232 1932 3298 sint
1985 3233 2096 3319 ipfi
2149 3230 2577 3316 diffimillimil
2626 3231 2797 3296 inter
2857 3228 2980 3296 se?
3056 3233 3138 3296 In
3188 3251 3324 3319 quo
3372 3230 3579 3299 etiam
3651 3233 3814 3301 illud
3864 3257 4133 3327 quaero,

1143 3333 1502 3405 Phalereus
1551 3331 1670 3400 ille
1725 3332 2108 3405 Demetrius
2161 3335 2470 3401 Atticene
2533 3330 2846 3398 dixerit?
2900 3332 3073 3398 Mihi
3126 3331 3393 3420 quidem
3442 3353 3527 3404 ex
3580 3333 3767 3400 illius
3812 3341 4137 3408 orationi·

1147 3434 1276 3501 bus
1331 3435 1624 3503 redolere
1675 3431 1822 3521 ipsae
1877 3435 2156 3502 Athenae
2210 3432 2561 3502 videntur.
2611 3435 2704 3498 At
2756 3431 2847 3500 est
2898 3428 3186 3498 floridior
3229 3485 3250 3518 ,
3304 3447 3374 3499 ut
3422 3432 3510 3498 ita
3572 3431 3785 3500 dicam
3824 3486 3845 3518 ,
3921 3461 4145 3526 quam

1145 3535 1578 3624 Hyperides,
1625 3555 1833 3626 quam
1885 3534 2154 3618 Lyfias:
2215 3551 2451 3603 natura
2490 3537 2843 3625 .quaedam,
2894 3552 3011 3605 aut
3068 3535 3373 3604 voluntas
3422 3534 3510 3598 ita
3558 3533 3819 3600 dicendi
3874 3533 4017 3610 fuit
4055 3589 4077 3608 .

1145 3663 1158 3671 -
1251 3638 1635 3702 Lxxxut.
1694 3639 1778 3701 Et
1825 3633 2091 3727 quidem
2141 3633 2281 3704 duo
2333 3636 2609 3704 fuerunt
2662 3657 2775 3724 per
2826 3635 3001 3702 idem
3054 3649 3315 3721 tempus
3370 3632 3695 3702 diffimiles
3759 3634 3941 3706 inter
4002 3640 4073 3708 st
4103 3670 4137 3732 ‚-

1148 3731 1258 3799 sed
1308 3737 1545 3801 Attici·
1577 3752 1802 3802 tamen
1842 3760 1866 3798 .·
1941 3758 2231 3825 quorum
2282 3737 2619 3808 Charifius
2677 3737 2925 3806 multas
2978 3737 3306 3802 orationes
3358 3733 3667 3802 scribebat
3714 3736 3832 3803 alii
3883 3787 3907 3824 ,
3970 3763 4135 3810 cum

1147 3854 1386 3921 cupere
1443 3834 1774 3903 videretur
1845 3837 2090 3902 imitari
2143 3837 2421 3920 Lyfiam
2460 3861 2481 3903 ι
2554 3838 3009 3905 Demochares
3058 3853 3283 3905 autem
3327 3889 3349 3925 ,
3396 3837 3513 3926 qui
3564 3834 3693 3902 fuit
3747 3838 4132 3913 Demosthe-

1142 3936 1252 4000 nis
1301 3933 1536 4004 sororis
1591 3935 1822 4018 filius,
1871 3938 1941 4006 δε
2001 3936 2333 4003 orationes
2390 3935 2633 4024 scripsit
2684 3939 2979 4027 aliquot,
3028 3940 3099 4006 δε
3156 3957 3391 4006 earum
3438 3957 3667 4006 terum
3730 3936 4069 4011 historiam
4106 3997 4133 4030 ,

1145 4057 1290 4125 quae
1357 4053 1546 4104 erant
1602 4037 1886 4104 Athenis
1941 4037 2134 4123 ipsius
2206 4053 2394 4104 aetate
2447 4037 2635 4124 gestae
2676 4088 2697 4121 ,
2769 4059 2906 4104 non
2959 4051 3101 4102 tam
3150 4040 3457 4108 historico
3497 4092 3519 4125 ‚
3584 4063 3789 4132 quam
3838 4045 4129 4111 oratorio

1147 4157 1390 4227 genere
1441 4133 1840 4226 perscripsit.
1897 4140 1987 4203 At
2041 4136 2318 4205 Charisii
2378 4139 2519 4204 vult
2576 4137 2898 4226 Hegesias
2948 4135 3071 4208 effe
3126 4137 3397 4226 similis,
3447 4139 3641 4231 isque¹
3684 4139 3743 4208 st:
3789 4141 3877 4206 ita
3927 4158 4123 4230 putat

1141 4239 1500 4330 fitticum,
1553 4255 1626 4306 ut
1683 4257 1873 4305 veros
1925 4237 2080 4308 illos
2128 4259 2261 4327 prae
2316 4237 2380 4306 se
2432 4259 2593 4329 pene
2670 4238 2950 4330 agrestes
3002 4250 3182 4328 putet
3220 4287 3265 4336 ,ὁ
3309 4244 3403 4308 At
3452 4244 3615 4336 quid
3662 4242 3753 4312 est
3796 4257 3936 4307 tam
3988 4243 4125 4311 fra-

1143 4337 1376 4424 stum,
1427 4357 1564 4408 tam
1616 4342 2008 4427 minutum,
2045 4358 2189 4408 tam
2239 4345 2308 4409 in
2362 4339 2537 4430 ipsa,
2590 4362 2792 4432 quam
2840 4358 3062 4412 tamen
3130 4341 3552 4433 consequitur
3590 4396 3611 4428 ,
3682 4344 4126 4414 concinnitate

1145 4442 1456 4530 puerile?
1538 4445 1914 4511 Atticorum
1968 4443 2211 4510 ssmiles
2260 4443 2384 4511 effe
2434 4444 2754 4511 volumus
2796 4492 2812 4510 .
2864 4446 3131 4532 Optime
3167 4475 3193 4512 .·
3237 4451 3493 4513 Suntne
3562 4447 3860 4533 igitur-ii
3914 4447 4125 4515 Attici

1145 4544 1480 4611 oratores?
1541 4545 1712 4629 Quis
1763 4567 2012 4634 negare
2061 4543 2263 4632 potest
2305 4547 2331 4610 ἒ
2388 4548 2531 4613 Hos
2584 4546 2927 4615 imitamur
2969 4592 2984 4609 .
3034 4549 3192 4633 Quo
3242 4545 3481 4632 modo,
3529 4548 3641 4635 qui
3698 4547 3849 4614 sunt
3901 4549 3973 4617 dt
4028 4551 4125 4616 in-

1145 4661 1244 4711 ter
1300 4650 1361 4712 {e
1407 4643 1790 4731 diffimiles,
1839 4650 1910 4716 δε
1969 4646 2307 4713 aliorum?
2364 4645 2834 4732 Thucydidem
2870 4695 2893 4732 ,
2961 4649 3214 4736 inquit,
3266 4647 3603 4716 imitamur
3642 4693 3658 4712 .
3715 4649 4018 4738 Optime,
4074 4647 4123 4716 fi

1143 4743 1474 4814 historiam
1530 4746 1801 4815 scribere
1844 4799 1866 4832 ,
1939 4757 2071 4814 non
2128 4747 2173 4812 fr
2226 4745 2459 4820 causas
2510 4747 2721 4816 dicere
2772 4747 3075 4835 cogitatis
3110 4795 3129 4814 .
3182 4746 3614 4834 Thucydides
3662 4751 3845 4817 enim
3892 4767 4121 4816 rerum

1144 4848 1479 4935 gestarum
1552 4848 2004 4940 pronuntiator
2077 4847 2361 4916 sincerus
2400 4899 2421 4932 ‚
2477 4850 2548 4919 ὅ(
2602 4849 2871 4936 grandis
2922 4848 3123 4918 etiam
3176 4848 3301 4917 fuit
3341 4898 3358 4915 .
3412 4853 3561 4920 Hoc
3616 4850 3914 4937 forense,
3961 4872 4117 4918 con-

1139 4951 1620 5039 ·certatorium,
1673 4948 1975 5032 judiciale
2025 4970 2158 5016 non
2214 4946 2519 5016 traEtavit
2570 4970 2819 5039 genus,
2873 4951 3222 5019 Orationes
3271 4965 3497 5025 autem
3541 5005 3564 5039 ,
3616 4973 3783 5044 quas
3832 4955 4113 5041 interpo-

1150 5043 1320 5138 suit,
1372 5049 1658 5142 (multae'
1704 5053 1886 5124 enim
1937 5049 2181 5140 sunt,)
2232 5070 2343 5121 eas
2390 5071 2517 5142 ego
2570 5049 2841 5126 laudate
2894 5049 3108 5122 soleo.-
3164 5052 3411 5124 imitari
3456 5069 3671 5152 neque
3718 5053 4018 5148 ‘poffim,
4068 5050 4113 5122 fi

3908 5173 4019 5226 ve·
