4359 6321
822 494 1449 591 LIBER
1570 490 2517 597 TERTIUS.
2895 530 3070 633 249

312 622 603 696 Paulum
656 614 875 687 sitiens
928 618 1197 685 istarum
1250 620 1499 685 artium
1536 668 1557 703 ‚
1626 616 1711 685 de
1760 618 1996 708 quibus
2050 622 2286 712 loquor
2325 678 2347 710 ‚
2418 624 2674 717 gustavi
2715 678 2736 713 ,
2807 632 3078 719 quaestor
3131 638 3200 706 in

208 726 575 797 Alia‘cum
624 720 817 789 essem
860 772 881 805 ‚
929 721 1248 809 aequalem
1305 720 1440 787 fere
1494 738 1721 785 meum
1770 739 1857 786 ex
1910 724 2272 791 Academia
2322 727 2652 795 rhetorem
2703 730 2936 799 nactus
2967 785 2985 817 ‚
3055 738 3200 803 Me..

202 828 551 897 trodorum
608 822 801 891 illum
842 874 863 907 ‚
930 814 1014 887 de
1062 821 1257 899 cuius
1310 822 1633 889 memoria
1685 827 2234 891 commemoravit
2290 832 2626 897 Antonius
2672 856 2692 916 ;
2765 836 2834 903 δε
2891 832 3042 903 inde
3093 834 3204 903 de.

200 930 471 1012 cedens,
538 925 867 1011 Athenis;
918 922 1031 990 ubi
1078 942 1205 1011 ego
1253 922 1501 991 diutius
1548 924 1745 989 effem
1797 940 2097 991 moratus
2147 977 2169 1011 ,
2237 926 2356 993 nisi
2411 932 2969 1022 Atheniensibus,
3019 933 3206 1028 quod

198 1028 513 1115 mysteria
566 1048 700 1095 non
756 1024 1128 1109 referrent,
1178 1024 1262 1091 ad
1318 1044 1461 1111 quae
1511 1018 1711 1089 biduo
1767 1020 1969 1090 serius
2024 1044 2382 1113 veneram,
2436 1030 2968 1105 succensuiffem.
3022 1040 3203 1121 Qa-

199 1152 267 1199 re
314 1130 437 1198 hoc
488 1180 511 1215 ,
580 1129 757 1218 quod
809 1125 1207 1212 complector
1277 1142 1541 1191 tantam
1615 1120 1955 1191 scientiam
2016 1127 2289 1215 vimque
2341 1128 2646 1197 doctrinae
2691 1184 2714 1219 ,
2779 1158 2916 1203 non
2999 1139 3208 1206 modo

200 1252 332 1300 non
388 1252 513 1320 pro
568 1250 677 1296 me
717 1280 737 1315 ,
808 1226 915 1293 sed
964 1242 1191 1293 contra
1250 1244 1359 1291 me
1409 1224 1501 1291 est
1552 1228 1769 1312 potius
1808 1276 1829 1309 ,
1904 1241 2096 1314 (non
2146 1229 2330 1295 enim
2376 1281 2396 1313 ,
2448 1231 2606 1318 quid
2657 1252 2832 1321 eg0,
2885 1234 2990 1302 sed
3043 1238 3208 1327 quid

200 1349 419 1401 orator
482 1330 665 1421 poffit
705 1383 726 1416 ‚
776 1327 1123 1417 disputoz)
1198 1346 1393 1416 atque
1444 1328 1571 1393 hoc
1624 1346 1858 1392 ornnes
1904 1378 1925 1410 ‚
1994 1328 2107 1416 qui
2160 1346 2332 1395 artes
2385 1330 2744 1399 rhetoricas
2793 1354 3132 1423 exponunt
3184 1390 3208 1423 ,

198 1432 699 1523 perridiculos.
769 1430 1079 1496 Scribunt
1151 1431 1335 1495 enim
1404 1427 1487 1494 de
1556 1426 1777 1493 litium
1864 1446 2101 1515 genere
2159 1479 2181 1514 ‚
2229 1432 2302 1499 ὅ(
2377 1430 2460 1496 de
2529 1432 2866 1525 principiis
2907 1488 2927 1522 ,
3001 1441 3070 1506 &
3125 1438 3208 1505 de

196 1533 703 1603 narrationibus
740 1578 757 1597 .
834 1528 959 1595 Illa
1030 1531 1129 1597 vis
1200 1547 1422 1597 autem
1492 1526 1875 1617 eloquentis:
1946 1544 2130 1595 tanta
2187 1528 2280 1594 est
2333 1578 2355 1613 ‚
2423 1546 2498 1594 ut
2550 1534 2860 1603 omnium
2912 1558 3140 1608 rerum
3185 1590 3206 1623 ,

194 1637 535 1702 virtutum
582 1685 602 1717 ,
670 1633 1035 1701 officiorum
1073 1682 1094 1717 ,
1165 1628 1509 1719 omnisque
1561 1646 1809 1697 naturae
1852 1680 1873 1711 ,
1944 1650 2084 1719 quae
2139 1650 2360 1695 mores
2408 1629 2762 1700 hominum
2802 1687 2822 1720 ,
2871 1660 3015 1725 quae
3067 1642 3207 1709 ani-

178 1725 349 1805 'mos
386 1784 408 1818 ,
478 1756 623 1825 quae
674 1735 883 1805 vitam
934 1734 1229 1799 continet
1271 1733 1675 1821 ,originem
1720 1784 1740 1817 ,
1802 1731 1940 1797 vim
1977 1783 1999 1817 ,
2048 1730 2574 1821 mutationesque
2623 1748 2906 1822 teneat3
2973 1738 3209 1809 eadem

188 1855 431 1904 mores
486 1886 509 1921 ,
546 1836 725 1924 leges
765 1887 786 1919 ‚
836 1834 979 1912 iura
1030 1831 1348 1899 describat
1397 1883 1419 1918 ‚
1468 1832 1956 1921 rempublicam
2008 1848 2242 1921 regat.-
2301 1836 2526 1899 omnia
2569 1884 2591 1919 ‚
2637 1856 2782 1925 quae
2835 1838 2914 1901 ad
2967 1860 3204 1928 quam-

194 1956 499 2027 cumque
548 1956 689 2001 rem
742 1937 1111 2022 pertineant
1159 1983 1179 2017 ,
1228 1950 1461 1999 ornate
1532 1932 1921 2021 copioseque
1970 1932 2145 1999 dicat
2187 1980 2205 1999 .
2263 1936 2343 1998 In
2401 1954 2539 2022 quo
2590 1955 2832 2025 genere
2887 1959 3009 2006 nos
3057 1944 3203 2031 qui-

186 2036 350 2103 dem
412 2034 761 2103 versamur
835 2051 1096 2102 tantum
1138 2085 1159 2120 ,
1231 2050 1560 2123 quantum
1614 2034 1945 2123 poffumus
1988 2084 2008 2119 ,
2081 2048 2412 2122 quantum
2484 2036 2752 2125 ingenio
2788 2086 2810 2120 ,
2877 2060 3208 2126 quantum

188 2137 515 2202 mediocri
568 2136 869 2204 doctrina
913 2188 935 2220 ‚
1007 2150 1337 2225 quantum
1394 2134 1517 2202 usu
1574 2135 1937 2202 valemus:
1993 2154 2208 2223 neque
2262 2151 2488 2201 tamen
2544 2136 2676 2203 istis
2716 2188 2736 2220 ,
2785 2139 2898 2224 qui
2951 2141 3018 2205 in
3071 2162 3209 2209 una

192 2235 615 2325 philosophia
664 2238 843 2325 quasi
899 2235 1405 2306 tabernaculum
1458 2237 1605 2305 vitae
1682 2234 1811 2303 suae
1861 2232 2277 2305 collocarunt
2329 2286 2352 2321 ,
2422 2235 2722 2307 multum
2771 2236 2926 2309 sane
2991 2242 3062 2310 in
3113 2242 3210 2309 di·

192 2336 572 2428 sputatione
628 2338 1085 2406 concedimus.
1720 2364 1729 2371 ·
2457 2392 2474 2399 -

299 2442 491 2506 XXI.
558 2438 739 2526 Qid
788 2443 967 2507 enim
1022 2460 1209 2507 meus
1260 2439 1611 2507 familiaris
1658 2446 1732 2508 C.
1756 2440 2057 2518 Velleius
2132 2437 2364 2507 afferre
2415 2440 2622 2525 potest
2670 2490 2690 2524 ,
2759 2438 3200 2530 quamobrem

188 2541 510 2629 voluptas
564 2543 639 2609 fit
698 2539 1035 2609 summum
1088 2541 1380 2626 bonum,
1430 2543 1607 2631 quod
1662 2562 1791 2631 ego
1845 2563 1977 2610 non
2030 2540 2348 2628 copiofius
2401 2538 2628 2623 poffim
2681 2540 2798 2605 vel·
2841 2544 3096 2625 tutari,
3149 2542 3198 2609 fi

182 2641 397 2708 velim
442 2639 489 2728 ‚'
538 2642 639 2709 vel
698 2642 993 2711 refellere
1060 2664 1145 2711 ex
1198 2643 1333 2708 illis
1388 2642 1547 2709 locis
1586 2694 1606 2726 ‚
1674 2662 1843 2730 quos
1908 2638 2210 2727 exposuit
2271 2639 2608 2704 Antonius
2651 2688 2673 2723 ,
2738 2639 2868 2705 hac
2937 2642 3201 2709 dicendi

174 2742 673 2811 exercitatione
708 2793 729 2825 ‚
798 2745 865 2809 in
919 2763 1047 2832 qua
1104 2741 1399 2817 Velleius
1448 2740 1543 2807 est
1598 2742 1781 2809 rudis
1820 2791 1839 2825 ‚
1910 2736 2364 2828 unusquisque
2440 2737 2744 2811 nostrum
2821 2740 3124 2809 versatus
3160 2744 3205 2805 ’.ἓ

158 2844 367 2927 .Q1id
418 2840 561 2925 est,
612 2840 786 2930 quod
838 2859 950 2909 aut
1002 2846 1175 2907 Sext.
1203 2841 1605 2929 PompeiuS,
1656 2854 1769 2908 aut
1820 2841 1959 2907 duo
2010 2837 2196 2905 Balbi
2239 2892 2259 2924 ,
2315 2854 2430 2904 aut
2483 2859 2671 2905 meus
2723 2844 3023 2927 amicus,
3081 2844 3200 2934 qu‘i

178 2964 347 3011 cum
402 2942 693 3010 Panaetio
746 2944 953 3028 vixit,
1006 2946 1099 3007 M.
1124 2942 1459 3029 Vigellius
1512 2994 1533 3027 ,
1582 2940 1661 3008 de
1716 2943 1958 3008 virtute
2010 2940 2316 3007 homines
2371 2941 2576 3007 Stoici
2626 2940 2856 3029 poffint
2907 2944 3124 3013 dicere
3179 2996 3204 3029 ,

181 3064 319 3135 qua
374 3044 445 3110 in
498 3043 935 3132 disputatione
983 3064 1111 3132 ego
1162 3044 1267 3111 his
1318 3041 1634 3129 debeam,
1686 3058 1801 3110 aut
1859 3042 2149 3110 vestrum
2191 3042 2542 3130 quilquam
2581 3044 2990 3112 concedere?
3047 3050 3204 3113 Non

180 3146 277 3214 est
336 3147 529 3210 enim
578 3144 985 3232 philosophia
1038 3139 1263 3210 similis
1314 3144 1566 3210 artium
1622 3145 2034 3233 reliquarum
2072 3193 2089 3212 .
2164 3146 2345 3209 Nam
2413 3142 2573 3232 quid
2633 3144 2826 3212 faciet
2897 3146 2966 3212 in
3051 3169 3204 3238 geo-

186 3245 445 3312 metria
485 3291 506 3323 ,
554 3245 665 3327 qui
722 3264 855 3306 non
907 3241 1271 3306 didicerit?
1328 3242 1485 3326 quid
1536 3244 1604 3305 in
1657 3244 1987 3310 musicis?
2059 3259 2173 3310 aut
2225 3259 2436 3310 taceat
2489 3245 2812 3329 oportebit
2860 3295 2881 3330 ‚
2951 3265 3064 3315 aut
3121 3267 3206 3313 ne

192 3343 399 3410 sanus
452 3339 719 3428 quidem
775 3337 1128 3417 judicetur.
1188 3339 1345 3402 Haec
1408 3357 1603 3422 vero,
1650 3361 1792 3426 quae
1830 3339 1995 3404 -sunt
2046 3345 2117 3405 in
2170 3341 2575 3426 philosophia
2616 3394 2636 3428 ,
2685 3344 2974 3428 ingeniis
3030 3351 3194 3430 (36)

186 3457 531 3512 eruuntur
582 3441 661 3507 ad
718 3441 783 3504 id
824 3493 845 3525 ‚
921 3437 1095 3529 quod
1144 3439 1211 3503 in
1244 3455 1527 3524 quoque
1584 3439 1931 3505 verisimile
1982 3439 2073 3506 est
2117 3492 2137 3522 ,
2203 3435 2610 3504 eliciendum
2647 3493 2668 3526 ‚
2744 3427 2957 3505 acu'tis
3010 3435 3209 3530 atc‘1ue

187 3543 473 3612 acribus
526 3594 547 3627 ‚
599 3564 804 3632 eaque
858 3540 1214 3608 exercitata
1265 3539 1557 3603 oratione
1610 3540 1989 3626 poliuntur.
2042 3539 2216 3624 Hic,
2269 3537 2378 3604 hic
2431 3536 2640 3606 noster
2694 3539 3002 3628 vulgaris
3055 3562 3210 3610 ora-

186 3665 297 3712 tor
342 3697 363 3730 ,
426 3644 475 3708 fi
524 3645 744 3710 minus
797 3645 917 3710 erit
969 3641 1203 3708 doctus
1240 3691 1261 3723 ,
1330 3657 1619 3715 attamen
1676 3641 1741 3704 in
1792 3639 2071 3708 dicendo
2123 3641 2521 3706 exercitatus
2567 3691 2590 3723 ‚
2657 3643 2786 3708 hac
2837 3639 2972 3727 ipsa
3019 3661 3212 3710 exer.

184 3746 515 3815 citatione
564 3745 905 3812 communi
950 3797 971 3829 ‚
1036 3741 1185 3809 istos
1239 3741 1509 3830 quidem
1564 3741 1819 3809 nostros
1878 3739 2246 3808 verberabit
2287 3793 2307 3825 ,
2379 3761 2593 3830 neque
2650 3743 2712 3809 se
2787 3739 2866 3806 ab
2915 3742 2993 3809 iis
3047 3765 3206 3824 con,-

185 3848 416 3917 temni
472 3867 548 3912 ac
602 3845 837 3932 despici
892 3843 1086 3912 finet.
1140 3845 1253 3906 Sin
1310 3839 1549 3928 aliquis
1600 3843 1893 3908 extiterit
1948 3842 2368 3930 aliquand0‚
2416 3843 2530 3929 qui
2583 3841 3006 3910 Aristotelico
3059 3865 3206 3911 mo-

182 3972 265 4016 re
325 3949 415 4016 de
468 3943 775 4011 omnibus
828 3941 1015 4010 rebus
1070 3943 1135 4005 in
1177 3959 1527 4028 utramque
1582 3939 1967 4009 sententiam
2020 3942 2208 4031 poffit
2248 3943 2504 4028 dicere,
2556 3945 2624 4012 &t
2688 3945 2754 4009 in
2807 3946 2992 4012 omni
3042 3966 3206 4014 cau-

180 4049 251 4117 sa
315 4049 495 4112 duas
552 4045 907 4111 contrarias
958 4045 1289 4109 orationes
1328 4094 1347 4124 ‚
1420 4045 1751 4130 praeceptis
1808 4043 1987 4113 illius
2036 4044 2329 4132 cognitis
2370 4096 2391 4129 ,
2442 4044 2775 4130 explicare
2817 4097 2839 4131 ‚
2909 4067 3024 4113 aut
3079 4046 3205 4118 hoc

180 4147 517 4218 Arcefilae
572 4145 812 4230 modo,
864 4151 931 4216 &
991 4143 1347 4212 Carneadis
1386 4195 1405 4224 ,
1458 4159 1695 4209 contra
1746 4167 1945 4212 omne
1997 4145 2171 4234 quod
2225 4141 2624 4232 propositum
2679 4143 2753 4210 fit
2792 4197 2814 4231 ‚
2863 4145 3118 4214 differat
3167 4174 3199 4238 3

178 4255 443 4341 quique
508 4249 589 4312 ad
648 4269 793 4318 cam
850 4249 1172 4312 rationem
1228 4244 1543 4332 adiungat
1596 4245 1777 4311 hunc
1832 4249 2237 4316 rhetoricum
2276 4243 2519 4329 usum,
2571 4264 2961 4336 moremque
3009 4253 3210 4314 exer..

178 4357 723 4437 citationemque
774 4349 1093 4432 dicendi3
1168 4350 1223 4414 is
1277 4344 1351 4410 fit
1408 4362 1599 4412 verus
1640 4398 1659 4430 ‚
1730 4350 1783 4414 is
1834 4347 2161 4434 perfeStus
2198 4399 2218 4434 ,
2285 4350 2342 4415 is
2417 4343 2590 4414 solus
2676 4363 2897 4416 orator
2940 4397 2956 4415 .
3029 4352 3210 4420 Nam

399 4459 587 4516 Tom.
640 4457 697 4515 Ι.
2273 4452 2304 4514 1
2359 4445 2380 4513 i
2994 4469 3106 4518 ne-

206 4649 3204 4720 m

261 4813 293 4871 (
324 4816 449 4890 3⁶)
494 4814 616 4862 Hac
653 4826 813 4868 vero,
850 4825 969 4885 qua·
986 4806 1129 4876 sunt
1165 4813 1237 4888 in·
1279 4807 1613 4880 plnlolophu
1644 4849 1661 4873 ‚
1757 4807 1885 4864 sunt
1918 4849 1931 4871 ,
1968 4801 2141 4886 'facile
2175 4823 2243 4886 ea·
2271 4846 2286 4870 ,
2322 4821 2442 4878 quae
2495 4803 2788 4884 probabilia
2821 4800 2946 4880 sunt
2983 4797 3036 4878 ἰῇ
3074 4794 3209 4868 9ὴῖ-

186 4883 449 4953 ingeniis
494 4873 651 4939 &cd
688 4875 757 4933 ld
795 4879 869 4932 est
906 4897 1021 4954 ,¹111
1055 4896 1265 4956 caeteris
1300 4879 1497 4936 artibus
1534 4899 1657 4934 tan·
1758 4875 2346 4959 losophtaynvement
2380 4915 2396 4943 ‚
2433 4880 2532 4956 ὄρ,
2587 4875 2626 4932 si
2667 4875 2828 4930 iidem
2867 4891 2920 4926 m
2961 4867 3204 4926 dicendo

190 4966 321 5008 tum
366 4941 881 5089 ιὲνξεῗέξῶἓιὲοά
899 4947 1235 5080 ἓιίῗὲῆηιιέἳὲ
1250 4951 1655 5081 οιὶιὲιτιιιιξὲηὲοἲῗ-
1756 4967 2040 5083 argutati
2076 4947 2237 5020 sunt,
2279 4967 2339 5010 ea
2371 4965 2624 5008 oratione
2659 4943 2930 5006 ornabunt
2961 4976 2980 4996 ·
3039 4945 3210 4998 Penn-

189 5040 412 5154 {ssent
449 5111 471 5146 .·
508 5107 601 5161 qui
635 5039 1161 5165 ingemispacutisp&
1197 5093 1397 5170 acribus
1432 5043 1655 5170 praedit}
1891 5061 1909 5080 Ο
