<?xml version="1.0" encoding="UTF-8"?>
<!DOCTYPE html PUBLIC "-//W3C//DTD XHTML 1.0 Transitional//EN"
    "http://www.w3.org/TR/xhtml1/DTD/xhtml1-transitional.dtd">
<html xmlns="http://www.w3.org/1999/xhtml" xml:lang="en" lang="en">
 <head>
  <title>
</title>
<meta http-equiv="Content-Type" content="text/html;charset=utf-8" />
  <meta name='ocr-system' content='tesseract 3.04.00' />
  <meta name='ocr-capabilities' content='ocr_page ocr_carea ocr_par ocr_line ocrx_word'/>
</head>
<body>
  <div class='ocr_page' id='page_1' title='image "./operacumdelectu00dgoog_0166.png"; bbox 0 0 4359 6321; ppageno 0'>
   <div class='ocr_carea' id='block_1_1' title="bbox 1269 510 3276 639">
    <p class='ocr_par' dir='ltr' id='par_1_1' title="bbox 1269 510 3276 639">
     <span class='ocr_line' id='line_1_1' title="bbox 1269 510 3276 639; baseline -0.008 -20"><span class='ocrx_word' id='word_1_1' title='bbox 1269 554 1452 639; x_wconf 82' lang='lat'>144</span> <span class='ocrx_word' id='word_1_2' title='bbox 1806 510 3276 611; x_wconf 80' lang='lat' dir='ltr'><em>--DEORATORE</em></span> 
     </span>
    </p>
   </div>
   <div class='ocr_carea' id='block_1_2' title="bbox 1009 630 4133 3941">
    <p class='ocr_par' dir='ltr' id='par_1_2' title="bbox 1009 630 4131 1921">
     <span class='ocr_line' id='line_1_2' title="bbox 1129 630 4123 725; baseline -0.003 -12"><span class='ocrx_word' id='word_1_3' title='bbox 1129 644 1374 713; x_wconf 86' lang='lat' dir='ltr'>tristem</span> <span class='ocrx_word' id='word_1_4' title='bbox 1425 642 1643 711; x_wconf 83' lang='lat' dir='ltr'><strong>Galba</strong></span> <span class='ocrx_word' id='word_1_5' title='bbox 1695 640 1863 707; x_wconf 88' lang='lat' dir='ltr'>vidit</span> <span class='ocrx_word' id='word_1_6' title='bbox 1902 692 1924 725; x_wconf 91' lang='lat'>,</span> <span class='ocrx_word' id='word_1_7' title='bbox 1973 638 2243 707; x_wconf 83' lang='lat' dir='ltr'>nomine</span> <span class='ocrx_word' id='word_1_8' title='bbox 2310 633 2667 723; x_wconf 81' lang='lat' dir='ltr'>appellavit</span> <span class='ocrx_word' id='word_1_9' title='bbox 2712 684 2731 718; x_wconf 91' lang='lat'>,</span> <span class='ocrx_word' id='word_1_10' title='bbox 2800 636 3217 724; x_wconf 80' lang='lat' dir='ltr'>quaefivitque</span> <span class='ocrx_word' id='word_1_11' title='bbox 3256 686 3276 719; x_wconf 94' lang='lat'>,</span> <span class='ocrx_word' id='word_1_12' title='bbox 3343 651 3478 723; x_wconf 92' lang='lat' dir='ltr'>qua</span> <span class='ocrx_word' id='word_1_13' title='bbox 3528 630 3610 697; x_wconf 89' lang='lat' dir='ltr'>de</span> <span class='ocrx_word' id='word_1_14' title='bbox 3680 653 3749 701; x_wconf 90' lang='lat' dir='ltr'>re</span> <span class='ocrx_word' id='word_1_15' title='bbox 3800 634 3885 701; x_wconf 85' lang='lat' dir='ltr'>acl</span> <span class='ocrx_word' id='word_1_16' title='bbox 3936 634 4123 703; x_wconf 81' lang='lat' dir='ltr'>Cras-</span> 
     </span>
     <span class='ocr_line' id='line_1_3' title="bbox 1134 732 4123 831; baseline -0.003 -20"><span class='ocrx_word' id='word_1_17' title='bbox 1134 746 1281 811; x_wconf 87' lang='lat' dir='ltr'>sum</span> <span class='ocrx_word' id='word_1_18' title='bbox 1336 746 1702 811; x_wconf 79' lang='lat' dir='ltr'>retuliffet:</span> <span class='ocrx_word' id='word_1_19' title='bbox 1755 764 1840 810; x_wconf 82' lang='lat' dir='ltr'>ex</span> <span class='ocrx_word' id='word_1_20' title='bbox 1891 764 2023 831; x_wconf 91' lang='lat' dir='ltr'>quo</span> <span class='ocrx_word' id='word_1_21' title='bbox 2075 757 2147 805; x_wconf 92' lang='lat' dir='ltr'>ut</span> <span class='ocrx_word' id='word_1_22' title='bbox 2202 740 2513 818; x_wconf 86' lang='lat' dir='ltr'>audivit,</span> <span class='ocrx_word' id='word_1_23' title='bbox 2562 754 3105 825; x_wconf 89' lang='lat' dir='ltr'>commotumque</span> <span class='ocrx_word' id='word_1_24' title='bbox 3154 750 3231 801; x_wconf 85' lang='lat' dir='ltr'>ut</span> <span class='ocrx_word' id='word_1_25' title='bbox 3284 733 3448 799; x_wconf 88' lang='lat' dir='ltr'>vidit</span> <span class='ocrx_word' id='word_1_26' title='bbox 3502 732 3845 803; x_wconf 88' lang='lat' dir='ltr'>hominem</span> <span class='ocrx_word' id='word_1_27' title='bbox 3884 786 3905 819; x_wconf 92' lang='lat'>,</span> <span class='ocrx_word' id='word_1_28' title='bbox 3974 734 4123 801; x_wconf 85' lang='lat' dir='ltr'>Sus-</span> 
     </span>
     <span class='ocr_line' id='line_1_4' title="bbox 1133 834 4127 937; baseline -0.002 -28"><span class='ocrx_word' id='word_1_29' title='bbox 1133 842 1373 933; x_wconf 90' lang='lat' dir='ltr'>pens0,</span> <span class='ocrx_word' id='word_1_30' title='bbox 1427 846 1692 937; x_wconf 88' lang='lat' dir='ltr'>inquit,</span> <span class='ocrx_word' id='word_1_31' title='bbox 1743 844 2005 929; x_wconf 87' lang='lat' dir='ltr'>animo,</span> <span class='ocrx_word' id='word_1_32' title='bbox 2073 844 2144 911; x_wconf 78' lang='grc' dir='ltr'>δι</span> <span class='ocrx_word' id='word_1_33' title='bbox 2202 854 2519 925; x_wconf 85' lang='lat' dir='ltr'>occupato</span> <span class='ocrx_word' id='word_1_34' title='bbox 2568 839 2868 915; x_wconf 81' lang='lat' dir='ltr'>Crafl&#39;um</span> <span class='ocrx_word' id='word_1_35' title='bbox 2940 837 3053 902; x_wconf 89' lang='lat' dir='ltr'>tibi</span> <span class='ocrx_word' id='word_1_36' title='bbox 3110 835 3485 921; x_wconf 79' lang='lat' dir='ltr'>respondisse</span> <span class='ocrx_word' id='word_1_37' title='bbox 3544 838 3737 903; x_wconf 87' lang='lat' dir='ltr'>video</span> <span class='ocrx_word' id='word_1_38' title='bbox 3779 883 3797 899; x_wconf 90' lang='lat'><strong>.</strong></span> <span class='ocrx_word' id='word_1_39' title='bbox 3872 834 4127 903; x_wconf 82' lang='lat' dir='ltr'>Deinde</span> 
     </span>
     <span class='ocr_line' id='line_1_5' title="bbox 1133 934 4125 1033; baseline -0.002 -22"><span class='ocrx_word' id='word_1_40' title='bbox 1133 944 1351 1033; x_wconf 88' lang='lat' dir='ltr'>ipsum</span> <span class='ocrx_word' id='word_1_41' title='bbox 1401 948 1699 1014; x_wconf 84' lang='lat' dir='ltr'>Craffum</span> <span class='ocrx_word' id='word_1_42' title='bbox 1755 965 1958 1012; x_wconf 76' lang='lat' dir='ltr'>manu</span> <span class='ocrx_word' id='word_1_43' title='bbox 2013 940 2393 1028; x_wconf 86' lang='lat' dir='ltr'>prehendit,</span> <span class='ocrx_word' id='word_1_44' title='bbox 2448 940 2565 1021; x_wconf 87' lang='lat'>&amp;‚</span> <span class='ocrx_word' id='word_1_45' title='bbox 2622 942 2805 1007; x_wconf 86' lang='lat' dir='ltr'>Heus</span> <span class='ocrx_word' id='word_1_46' title='bbox 2858 954 2930 1003; x_wconf 88' lang='lat' dir='ltr'>tu</span> <span class='ocrx_word' id='word_1_47' title='bbox 2972 986 2995 1020; x_wconf 81' lang='lat'>,</span> <span class='ocrx_word' id='word_1_48' title='bbox 3044 936 3257 1025; x_wconf 89' lang='lat' dir='ltr'>inquit</span> <span class='ocrx_word' id='word_1_49' title='bbox 3298 989 3318 1019; x_wconf 85' lang='lat'>,</span> <span class='ocrx_word' id='word_1_50' title='bbox 3372 934 3485 999; x_wconf 88' lang='lat' dir='ltr'>tibi</span> <span class='ocrx_word' id='word_1_51' title='bbox 3540 936 3608 1000; x_wconf 87' lang='lat' dir='ltr'>in</span> <span class='ocrx_word' id='word_1_52' title='bbox 3665 953 3966 1003; x_wconf 86' lang='lat' dir='ltr'><strong>mentem</strong></span> <span class='ocrx_word' id='word_1_53' title='bbox 4018 959 4125 1005; x_wconf 84' lang='lat' dir='ltr'>ve-</span> 
     </span>
     <span class='ocr_line' id='line_1_6' title="bbox 1132 1036 4120 1134; baseline -0.004 -23"><span class='ocrx_word' id='word_1_54' title='bbox 1132 1050 1232 1112; x_wconf 89' lang='lat' dir='ltr'>nit</span> <span class='ocrx_word' id='word_1_55' title='bbox 1285 1049 1375 1113; x_wconf 84' lang='lat' dir='ltr'>ita</span> <span class='ocrx_word' id='word_1_56' title='bbox 1427 1046 1873 1134; x_wconf 80' lang='lat' dir='ltr'>respondere?</span> <span class='ocrx_word' id='word_1_57' title='bbox 1925 1048 2108 1110; x_wconf 88' lang='lat' dir='ltr'>Tum</span> <span class='ocrx_word' id='word_1_58' title='bbox 2159 1041 2278 1107; x_wconf 88' lang='lat' dir='ltr'>ille</span> <span class='ocrx_word' id='word_1_59' title='bbox 2332 1039 2607 1105; x_wconf 87' lang='lat' dir='ltr'>fidenter</span> <span class='ocrx_word' id='word_1_60' title='bbox 2654 1092 2673 1125; x_wconf 96' lang='lat'>,</span> <span class='ocrx_word' id='word_1_61' title='bbox 2729 1041 2931 1106; x_wconf 83' lang='lat' dir='ltr'>homo</span> <span class='ocrx_word' id='word_1_62' title='bbox 2984 1036 3403 1124; x_wconf 84' lang='lat' dir='ltr'>peritiffimus</span> <span class='ocrx_word' id='word_1_63' title='bbox 3443 1086 3463 1119; x_wconf 86' lang='lat'>‚</span> <span class='ocrx_word' id='word_1_64' title='bbox 3515 1036 3916 1105; x_wconf 83' lang='lat' dir='ltr'>confirmare</span> <span class='ocrx_word' id='word_1_65' title='bbox 3966 1090 3989 1125; x_wconf 81' lang='lat'>‚</span> <span class='ocrx_word' id='word_1_66' title='bbox 4036 1039 4120 1104; x_wconf 88' lang='lat' dir='ltr'>ita</span> 
     </span>
     <span class='ocr_line' id='line_1_7' title="bbox 1131 1134 4123 1229; baseline -0.002 -16"><span class='ocrx_word' id='word_1_67' title='bbox 1131 1146 1201 1214; x_wconf 85' lang='lat' dir='ltr'>se</span> <span class='ocrx_word' id='word_1_68' title='bbox 1268 1166 1409 1213; x_wconf 89' lang='lat' dir='ltr'>rem</span> <span class='ocrx_word' id='word_1_69' title='bbox 1475 1147 1713 1211; x_wconf 88' lang='lat' dir='ltr'>habere</span> <span class='ocrx_word' id='word_1_70' title='bbox 1771 1198 1792 1229; x_wconf 92' lang='lat'>,</span> <span class='ocrx_word' id='word_1_71' title='bbox 1880 1161 1952 1210; x_wconf 90' lang='lat' dir='ltr'>ut</span> <span class='ocrx_word' id='word_1_72' title='bbox 2026 1141 2497 1229; x_wconf 82' lang='lat' dir='ltr'>respondiss&#39;et;</span> <span class='ocrx_word' id='word_1_73' title='bbox 2568 1162 2689 1207; x_wconf 87' lang='lat' dir='ltr'>nec</span> <span class='ocrx_word' id='word_1_74' title='bbox 2756 1140 3029 1205; x_wconf 88' lang='lat' dir='ltr'>dubium</span> <span class='ocrx_word' id='word_1_75' title='bbox 3100 1138 3221 1204; x_wconf 77' lang='lat' dir='ltr'>ess&#39;e</span> <span class='ocrx_word' id='word_1_76' title='bbox 3298 1135 3462 1223; x_wconf 78' lang='lat' dir='ltr'>posse</span> <span class='ocrx_word' id='word_1_77' title='bbox 3524 1183 3538 1201; x_wconf 93' lang='lat'><strong>.</strong></span> <span class='ocrx_word' id='word_1_78' title='bbox 3616 1134 3824 1203; x_wconf 81' lang='lat' dir='ltr'>Galba</span> <span class='ocrx_word' id='word_1_79' title='bbox 3900 1158 4123 1207; x_wconf 86' lang='lat' dir='ltr'>autem</span> 
     </span>
     <span class='ocr_line' id='line_1_8' title="bbox 1131 1236 4124 1331; baseline -0.001 -20"><span class='ocrx_word' id='word_1_80' title='bbox 1131 1248 1438 1311; x_wconf 82' lang='lat' dir='ltr'>alludens</span> <span class='ocrx_word' id='word_1_81' title='bbox 1513 1245 1692 1310; x_wconf 86' lang='lat' dir='ltr'>varie</span> <span class='ocrx_word' id='word_1_82' title='bbox 1765 1248 1834 1314; x_wconf 75' lang='grc' dir='ltr'>δε</span> <span class='ocrx_word' id='word_1_83' title='bbox 1907 1248 2159 1331; x_wconf 79' lang='lat' dir='ltr'>copioie</span> <span class='ocrx_word' id='word_1_84' title='bbox 2226 1295 2249 1326; x_wconf 90' lang='lat'>,</span> <span class='ocrx_word' id='word_1_85' title='bbox 2318 1242 2567 1306; x_wconf 89' lang='lat' dir='ltr'>multas</span> <span class='ocrx_word' id='word_1_86' title='bbox 2638 1241 3098 1307; x_wconf 85' lang='lat' dir='ltr'>similitudines</span> <span class='ocrx_word' id='word_1_87' title='bbox 3166 1236 3401 1305; x_wconf 85' lang='lat' dir='ltr'>afferre</span> <span class='ocrx_word' id='word_1_88' title='bbox 3457 1290 3477 1321; x_wconf 93' lang='lat'>,</span> <span class='ocrx_word' id='word_1_89' title='bbox 3563 1240 3911 1329; x_wconf 85' lang='lat' dir='ltr'>multaque</span> <span class='ocrx_word' id='word_1_90' title='bbox 4005 1263 4124 1329; x_wconf 88' lang='lat' dir='ltr'>pro</span> 
     </span>
     <span class='ocr_line' id='line_1_9' title="bbox 1009 1336 4127 1434; baseline -0.001 -21"><span class='ocrx_word' id='word_1_91' title='bbox 1009 1356 1016 1363; x_wconf 86' lang='lat'>&#39;</span> <span class='ocrx_word' id='word_1_92' title='bbox 1125 1347 1422 1434; x_wconf 77' lang='lat' dir='ltr'>aequitate</span> <span class='ocrx_word' id='word_1_93' title='bbox 1493 1362 1722 1413; x_wconf 91' lang='lat' dir='ltr'>contra</span> <span class='ocrx_word' id='word_1_94' title='bbox 1780 1346 1884 1423; x_wconf 79' lang='lat' dir='ltr'>ius</span> <span class='ocrx_word' id='word_1_95' title='bbox 1941 1358 2146 1431; x_wconf 85' lang='lat'>(14)</span> <span class='ocrx_word' id='word_1_96' title='bbox 2196 1342 2465 1408; x_wconf 82' lang='lat' dir='ltr'>dicere:</span> <span class='ocrx_word' id='word_1_97' title='bbox 2538 1358 2735 1430; x_wconf 87' lang='lat' dir='ltr'>atque</span> <span class='ocrx_word' id='word_1_98' title='bbox 2806 1342 3003 1407; x_wconf 88' lang='lat' dir='ltr'>illum</span> <span class='ocrx_word' id='word_1_99' title='bbox 3048 1394 3068 1425; x_wconf 85' lang='lat'>,</span> <span class='ocrx_word' id='word_1_100' title='bbox 3138 1360 3297 1409; x_wconf 88' lang='lat' dir='ltr'>cum</span> <span class='ocrx_word' id='word_1_101' title='bbox 3370 1336 3719 1407; x_wconf 80' lang='lat' dir='ltr'>differendo</span> <span class='ocrx_word' id='word_1_102' title='bbox 3808 1362 3925 1429; x_wconf 84' lang='lat' dir='ltr'>par</span> <span class='ocrx_word' id='word_1_103' title='bbox 4000 1342 4127 1410; x_wconf 82' lang='lat' dir='ltr'>effe</span> 
     </span>
     <span class='ocr_line' id='line_1_10' title="bbox 1125 1442 4131 1536; baseline -0.001 -23"><span class='ocrx_word' id='word_1_104' title='bbox 1125 1468 1259 1513; x_wconf 84' lang='lat' dir='ltr'>non</span> <span class='ocrx_word' id='word_1_105' title='bbox 1317 1448 1506 1534; x_wconf 83' lang='lat' dir='ltr'>poffet</span> <span class='ocrx_word' id='word_1_106' title='bbox 1547 1502 1566 1531; x_wconf 91' lang='lat'>,</span> <span class='ocrx_word' id='word_1_107' title='bbox 1619 1458 1643 1531; x_wconf 95' lang='lat'>(</span> <span class='ocrx_word' id='word_1_108' title='bbox 1701 1457 2080 1536; x_wconf 78' lang='lat' dir='ltr'>quanquam</span> <span class='ocrx_word' id='word_1_109' title='bbox 2137 1445 2265 1510; x_wconf 92' lang='lat' dir='ltr'>fuit</span> <span class='ocrx_word' id='word_1_110' title='bbox 2316 1443 2571 1512; x_wconf 81' lang='lat' dir='ltr'>Crassus</span> <span class='ocrx_word' id='word_1_111' title='bbox 2623 1447 2694 1509; x_wconf 90' lang='lat' dir='ltr'>in</span> <span class='ocrx_word' id='word_1_112' title='bbox 2748 1462 3027 1509; x_wconf 83' lang='lat' dir='ltr'>numero</span> <span class='ocrx_word' id='word_1_113' title='bbox 3080 1442 3467 1508; x_wconf 81' lang='lat' dir='ltr'>disertorum</span> <span class='ocrx_word' id='word_1_114' title='bbox 3508 1493 3529 1524; x_wconf 94' lang='lat'>,</span> <span class='ocrx_word' id='word_1_115' title='bbox 3606 1442 3715 1507; x_wconf 70' lang='lat' dir='ltr'>sed</span> <span class='ocrx_word' id='word_1_116' title='bbox 3787 1464 3900 1530; x_wconf 86' lang='lat' dir='ltr'>par</span> <span class='ocrx_word' id='word_1_117' title='bbox 3956 1446 4131 1511; x_wconf 87' lang='lat' dir='ltr'>Gal-</span> 
     </span>
     <span class='ocr_line' id='line_1_11' title="bbox 1127 1540 4125 1634; baseline -0.003 -20"><span class='ocrx_word' id='word_1_118' title='bbox 1127 1546 1218 1614; x_wconf 78' lang='lat' dir='ltr'>bae</span> <span class='ocrx_word' id='word_1_119' title='bbox 1271 1549 1465 1615; x_wconf 85' lang='lat' dir='ltr'>nullo</span> <span class='ocrx_word' id='word_1_120' title='bbox 1519 1548 1713 1615; x_wconf 90' lang='lat' dir='ltr'>modo</span> <span class='ocrx_word' id='word_1_121' title='bbox 1771 1563 1795 1634; x_wconf 90' lang='lat'>)</span> <span class='ocrx_word' id='word_1_122' title='bbox 1851 1547 1930 1613; x_wconf 89' lang='lat' dir='ltr'>ad</span> <span class='ocrx_word' id='word_1_123' title='bbox 1984 1545 2285 1617; x_wconf 69' lang='lat' dir='ltr'>austores</span> <span class='ocrx_word' id='word_1_124' title='bbox 2338 1546 2704 1633; x_wconf 66' lang='lat' dir='ltr'>confugiffe</span> <span class='ocrx_word' id='word_1_125' title='bbox 2742 1598 2761 1627; x_wconf 91' lang='lat'>,</span> <span class='ocrx_word' id='word_1_126' title='bbox 2812 1548 2880 1613; x_wconf 76' lang='grc' dir='ltr'>δε</span> <span class='ocrx_word' id='word_1_127' title='bbox 2948 1546 3011 1608; x_wconf 91' lang='lat' dir='ltr'>id</span> <span class='ocrx_word' id='word_1_128' title='bbox 3052 1596 3073 1628; x_wconf 91' lang='lat'>,</span> <span class='ocrx_word' id='word_1_129' title='bbox 3126 1544 3299 1633; x_wconf 86' lang='lat' dir='ltr'>quod</span> <span class='ocrx_word' id='word_1_130' title='bbox 3352 1540 3483 1628; x_wconf 89' lang='lat' dir='ltr'>ipse</span> <span class='ocrx_word' id='word_1_131' title='bbox 3536 1540 3775 1608; x_wconf 86' lang='lat' dir='ltr'>diceret</span> <span class='ocrx_word' id='word_1_132' title='bbox 3828 1594 3848 1627; x_wconf 92' lang='lat'>,</span> <span class='ocrx_word' id='word_1_133' title='bbox 3926 1548 3995 1612; x_wconf 73' lang='grc' dir='ltr'>ὅ(</span> <span class='ocrx_word' id='word_1_134' title='bbox 4053 1545 4125 1613; x_wconf 78' lang='lat' dir='ltr'>in</span> 
     </span>
     <span class='ocr_line' id='line_1_12' title="bbox 1127 1637 4129 1735; baseline -0.002 -22"><span class='ocrx_word' id='word_1_135' title='bbox 1127 1654 1200 1713; x_wconf 91' lang='lat' dir='ltr'>P.</span> <span class='ocrx_word' id='word_1_136' title='bbox 1257 1650 1470 1718; x_wconf 88' lang='lat' dir='ltr'>Mucii</span> <span class='ocrx_word' id='word_1_137' title='bbox 1541 1648 1764 1715; x_wconf 88' lang='lat' dir='ltr'>fratris</span> <span class='ocrx_word' id='word_1_138' title='bbox 1820 1648 1914 1715; x_wconf 87' lang='lat' dir='ltr'>sui</span> <span class='ocrx_word' id='word_1_139' title='bbox 1969 1645 2154 1715; x_wconf 88' lang='lat' dir='ltr'>libris</span> <span class='ocrx_word' id='word_1_140' title='bbox 2194 1701 2213 1735; x_wconf 91' lang='lat'>,</span> <span class='ocrx_word' id='word_1_141' title='bbox 2278 1651 2347 1717; x_wconf 87' lang='lat'>&amp;</span> <span class='ocrx_word' id='word_1_142' title='bbox 2408 1650 2474 1713; x_wconf 88' lang='lat' dir='ltr'>in</span> <span class='ocrx_word' id='word_1_143' title='bbox 2524 1656 2670 1715; x_wconf 84' lang='lat' dir='ltr'>Sex.</span> <span class='ocrx_word' id='word_1_144' title='bbox 2734 1646 2893 1711; x_wconf 84' lang='lat' dir='ltr'>AElii</span> <span class='ocrx_word' id='word_1_145' title='bbox 2946 1648 3441 1712; x_wconf 78' lang='lat' dir='ltr'>commentariis</span> <span class='ocrx_word' id='word_1_146' title='bbox 3518 1637 3831 1729; x_wconf 80' lang='lat' dir='ltr'>scriptum</span> <span class='ocrx_word' id='word_1_147' title='bbox 3901 1662 4129 1735; x_wconf 82' lang='lat' dir='ltr'>protu-</span> 
     </span>
     <span class='ocr_line' id='line_1_13' title="bbox 1125 1743 4125 1839; baseline 0.001 -23"><span class='ocrx_word' id='word_1_148' title='bbox 1125 1749 1258 1816; x_wconf 82' lang='lat' dir='ltr'>liffe</span> <span class='ocrx_word' id='word_1_149' title='bbox 1311 1774 1332 1839; x_wconf 88' lang='lat'>;</span> <span class='ocrx_word' id='word_1_150' title='bbox 1380 1774 1454 1819; x_wconf 91' lang='lat' dir='ltr'>ac</span> <span class='ocrx_word' id='word_1_151' title='bbox 1509 1768 1738 1818; x_wconf 88' lang='lat' dir='ltr'>tamen</span> <span class='ocrx_word' id='word_1_152' title='bbox 1790 1749 2149 1818; x_wconf 84' lang='lat' dir='ltr'>conceffiffe</span> <span class='ocrx_word' id='word_1_153' title='bbox 2188 1803 2208 1836; x_wconf 85' lang='lat'>,</span> <span class='ocrx_word' id='word_1_154' title='bbox 2280 1748 2504 1817; x_wconf 82' lang='lat' dir='ltr'>Galbae</span> <span class='ocrx_word' id='word_1_155' title='bbox 2552 1749 3056 1835; x_wconf 85' lang='lat' dir='ltr'>disputationem</span> <span class='ocrx_word' id='word_1_156' title='bbox 3129 1746 3240 1813; x_wconf 84' lang='lat' dir='ltr'>fibi</span> <span class='ocrx_word' id='word_1_157' title='bbox 3310 1743 3711 1834; x_wconf 84' lang='lat' dir='ltr'>probabilem</span> <span class='ocrx_word' id='word_1_158' title='bbox 3792 1746 3862 1815; x_wconf 88' lang='lat'>&amp;</span> <span class='ocrx_word' id='word_1_159' title='bbox 3925 1768 4125 1839; x_wconf 84' lang='lat' dir='ltr'>prope</span> 
     </span>
     <span class='ocr_line' id='line_1_14' title="bbox 1127 1854 1655 1921; baseline 0.008 -4"><span class='ocrx_word' id='word_1_160' title='bbox 1127 1870 1354 1917; x_wconf 85' lang='lat' dir='ltr'>veram</span> <span class='ocrx_word' id='word_1_161' title='bbox 1411 1854 1655 1921; x_wconf 88' lang='lat' dir='ltr'>videri.</span> 
     </span>
    </p>

    <p class='ocr_par' dir='ltr' id='par_1_3' title="bbox 1115 1948 4133 3861">
     <span class='ocr_line' id='line_1_15' title="bbox 1229 1948 4121 2045; baseline 0.002 -29"><span class='ocrx_word' id='word_1_162' title='bbox 1229 1954 1450 2021; x_wconf 85' lang='lat' dir='ltr'><strong>Lvn.</strong></span> <span class='ocrx_word' id='word_1_163' title='bbox 1503 1960 1818 2021; x_wconf 85' lang='lat' dir='ltr'>Attamen</span> <span class='ocrx_word' id='word_1_164' title='bbox 1871 1977 2010 2045; x_wconf 82' lang='lat' dir='ltr'>quae</span> <span class='ocrx_word' id='word_1_165' title='bbox 2063 1954 2269 2023; x_wconf 85' lang='lat' dir='ltr'>causae</span> <span class='ocrx_word' id='word_1_166' title='bbox 2328 1955 2475 2024; x_wconf 87' lang='lat' dir='ltr'>sunt</span> <span class='ocrx_word' id='word_1_167' title='bbox 2526 1953 2841 2031; x_wconf 84' lang='lat' dir='ltr'>ejusmodi</span> <span class='ocrx_word' id='word_1_168' title='bbox 2882 2004 2903 2035; x_wconf 89' lang='lat'>,</span> <span class='ocrx_word' id='word_1_169' title='bbox 2954 1968 3025 2018; x_wconf 92' lang='lat' dir='ltr'>ut</span> <span class='ocrx_word' id='word_1_170' title='bbox 3081 1950 3164 2019; x_wconf 89' lang='lat' dir='ltr'>de</span> <span class='ocrx_word' id='word_1_171' title='bbox 3214 1970 3448 2017; x_wconf 88' lang='lat' dir='ltr'>earum</span> <span class='ocrx_word' id='word_1_172' title='bbox 3506 1953 3645 2030; x_wconf 79' lang='lat' dir='ltr'>jure</span> <span class='ocrx_word' id='word_1_173' title='bbox 3696 1948 3973 2018; x_wconf 90' lang='lat' dir='ltr'>dubium</span> <span class='ocrx_word' id='word_1_174' title='bbox 4024 1951 4121 2021; x_wconf 87' lang='lat' dir='ltr'>es-</span> 
     </span>
     <span class='ocr_line' id='line_1_16' title="bbox 1129 2053 4122 2145; baseline 0.001 -26"><span class='ocrx_word' id='word_1_175' title='bbox 1129 2054 1193 2121; x_wconf 85' lang='lat' dir='ltr'>se</span> <span class='ocrx_word' id='word_1_176' title='bbox 1245 2074 1380 2119; x_wconf 88' lang='lat' dir='ltr'>non</span> <span class='ocrx_word' id='word_1_177' title='bbox 1433 2056 1654 2145; x_wconf 87' lang='lat' dir='ltr'>poffit,</span> <span class='ocrx_word' id='word_1_178' title='bbox 1705 2058 1984 2123; x_wconf 86' lang='lat' dir='ltr'>omnino</span> <span class='ocrx_word' id='word_1_179' title='bbox 2055 2062 2122 2125; x_wconf 90' lang='lat' dir='ltr'>in</span> <span class='ocrx_word' id='word_1_180' title='bbox 2176 2056 2503 2134; x_wconf 76' lang='lat' dir='ltr'>judicium</span> <span class='ocrx_word' id='word_1_181' title='bbox 2558 2054 2775 2123; x_wconf 82' lang='lat' dir='ltr'>vocari</span> <span class='ocrx_word' id='word_1_182' title='bbox 2848 2074 2979 2121; x_wconf 90' lang='lat' dir='ltr'>non</span> <span class='ocrx_word' id='word_1_183' title='bbox 3040 2053 3249 2120; x_wconf 80' lang='lat' dir='ltr'>solent</span> <span class='ocrx_word' id='word_1_184' title='bbox 3288 2100 3303 2117; x_wconf 92' lang='lat'><strong>.</strong></span> <span class='ocrx_word' id='word_1_185' title='bbox 3366 2054 3553 2119; x_wconf 87' lang='lat' dir='ltr'>Num</span> <span class='ocrx_word' id='word_1_186' title='bbox 3604 2054 3749 2143; x_wconf 86' lang='lat' dir='ltr'>quis</span> <span class='ocrx_word' id='word_1_187' title='bbox 3800 2076 3879 2119; x_wconf 89' lang='lat' dir='ltr'>eo</span> <span class='ocrx_word' id='word_1_188' title='bbox 3930 2053 4122 2122; x_wconf 76' lang='lat' dir='ltr'>testa.-</span> 
     </span>
     <span class='ocr_line' id='line_1_17' title="bbox 1124 2154 4119 2247; baseline 0.001 -26"><span class='ocrx_word' id='word_1_189' title='bbox 1124 2170 1400 2241; x_wconf 87' lang='lat' dir='ltr'>mento,</span> <span class='ocrx_word' id='word_1_190' title='bbox 1455 2159 1628 2246; x_wconf 86' lang='lat' dir='ltr'>quod</span> <span class='ocrx_word' id='word_1_191' title='bbox 1684 2158 2153 2244; x_wconf 80' lang='lat' dir='ltr'>paterfamilias</span> <span class='ocrx_word' id='word_1_192' title='bbox 2204 2176 2361 2224; x_wconf 88' lang='lat' dir='ltr'>ante</span> <span class='ocrx_word' id='word_1_193' title='bbox 2414 2158 2612 2243; x_wconf 88' lang='lat' dir='ltr'>fecit,</span> <span class='ocrx_word' id='word_1_194' title='bbox 2660 2178 2865 2247; x_wconf 81' lang='lat' dir='ltr'>quam</span> <span class='ocrx_word' id='word_1_195' title='bbox 2916 2158 2977 2223; x_wconf 89' lang='lat' dir='ltr'>ei</span> <span class='ocrx_word' id='word_1_196' title='bbox 3033 2156 3211 2222; x_wconf 88' lang='lat' dir='ltr'>filius</span> <span class='ocrx_word' id='word_1_197' title='bbox 3262 2172 3454 2222; x_wconf 84' lang='lat' dir='ltr'>natus</span> <span class='ocrx_word' id='word_1_198' title='bbox 3500 2154 3633 2238; x_wconf 85' lang='lat' dir='ltr'>est,</span> <span class='ocrx_word' id='word_1_199' title='bbox 3688 2154 4119 2225; x_wconf 76' lang='lat' dir='ltr'>hereditatem</span> 
     </span>
     <span class='ocr_line' id='line_1_18' title="bbox 1124 2256 4111 2349; baseline 0.001 -27"><span class='ocrx_word' id='word_1_200' title='bbox 1124 2256 1346 2345; x_wconf 79' lang='lat' dir='ltr'>petit?</span> <span class='ocrx_word' id='word_1_201' title='bbox 1399 2279 1636 2325; x_wconf 84' lang='lat' dir='ltr'>nemo:</span> <span class='ocrx_word' id='word_1_202' title='bbox 1690 2262 1844 2349; x_wconf 91' lang='lat' dir='ltr'>quia</span> <span class='ocrx_word' id='word_1_203' title='bbox 1896 2262 2187 2345; x_wconf 83' lang='lat' dir='ltr'>constat,</span> <span class='ocrx_word' id='word_1_204' title='bbox 2238 2260 2658 2346; x_wconf 87' lang='lat' dir='ltr'>agnascendo</span> <span class='ocrx_word' id='word_1_205' title='bbox 2708 2260 2925 2344; x_wconf 45' lang='lat' dir='ltr'>rutupi</span> <span class='ocrx_word' id='word_1_206' title='bbox 2978 2258 3442 2325; x_wconf 85' lang='lat' dir='ltr'>testamentum</span> <span class='ocrx_word' id='word_1_207' title='bbox 3502 2267 3748 2343; x_wconf 82' lang='lat'>(15).</span> <span class='ocrx_word' id='word_1_208' title='bbox 3809 2258 3987 2343; x_wconf 81' lang='lat' dir='ltr'>Ergo</span> <span class='ocrx_word' id='word_1_209' title='bbox 4039 2262 4111 2327; x_wconf 87' lang='lat' dir='ltr'>in</span> 
     </span>
     <span class='ocr_line' id='line_1_19' title="bbox 1123 2358 4119 2445; baseline 0.001 -22"><span class='ocrx_word' id='word_1_210' title='bbox 1123 2358 1252 2424; x_wconf 85' lang='lat' dir='ltr'>hoc</span> <span class='ocrx_word' id='word_1_211' title='bbox 1307 2378 1546 2445; x_wconf 80' lang='lat' dir='ltr'>genere</span> <span class='ocrx_word' id='word_1_212' title='bbox 1602 2363 1768 2439; x_wconf 79' lang='lat' dir='ltr'>juris</span> <span class='ocrx_word' id='word_1_213' title='bbox 1823 2362 2065 2438; x_wconf 82' lang='lat' dir='ltr'>judicia</span> <span class='ocrx_word' id='word_1_214' title='bbox 2119 2361 2310 2425; x_wconf 82' lang='lat' dir='ltr'>nulla</span> <span class='ocrx_word' id='word_1_215' title='bbox 2368 2360 2509 2426; x_wconf 90' lang='lat' dir='ltr'>sunt</span> <span class='ocrx_word' id='word_1_216' title='bbox 2568 2406 2584 2422; x_wconf 91' lang='lat'><strong>.</strong></span> <span class='ocrx_word' id='word_1_217' title='bbox 2658 2361 2845 2424; x_wconf 89' lang='lat' dir='ltr'>Licet</span> <span class='ocrx_word' id='word_1_218' title='bbox 2915 2359 3115 2443; x_wconf 88' lang='lat' dir='ltr'>igitur</span> <span class='ocrx_word' id='word_1_219' title='bbox 3186 2358 3461 2443; x_wconf 87' lang='lat' dir='ltr'>impune</span> <span class='ocrx_word' id='word_1_220' title='bbox 3532 2358 3773 2423; x_wconf 88' lang='lat' dir='ltr'>oratori</span> <span class='ocrx_word' id='word_1_221' title='bbox 3846 2379 4119 2427; x_wconf 88' lang='lat' dir='ltr'>omnem</span> 
     </span>
     <span class='ocr_line' id='line_1_20' title="bbox 1121 2454 4121 2547; baseline 0.001 -22"><span class='ocrx_word' id='word_1_222' title='bbox 1121 2458 1299 2525; x_wconf 89' lang='lat' dir='ltr'>hanc</span> <span class='ocrx_word' id='word_1_223' title='bbox 1356 2456 1614 2544; x_wconf 85' lang='lat' dir='ltr'>partem</span> <span class='ocrx_word' id='word_1_224' title='bbox 1661 2463 1823 2535; x_wconf 84' lang='lat' dir='ltr'>iuris</span> <span class='ocrx_word' id='word_1_225' title='bbox 1871 2463 1938 2525; x_wconf 89' lang='lat' dir='ltr'>in</span> <span class='ocrx_word' id='word_1_226' title='bbox 1959 2458 2417 2527; x_wconf 74' lang='lat' dir='ltr'>controversiis</span> <span class='ocrx_word' id='word_1_227' title='bbox 2468 2464 2613 2545; x_wconf 85' lang='lat'>(16</span> <span class='ocrx_word' id='word_1_228' title='bbox 2642 2466 2670 2536; x_wconf 92' lang='lat'><strong><em>)</em></strong></span> <span class='ocrx_word' id='word_1_229' title='bbox 2721 2460 3078 2546; x_wconf 88' lang='lat' dir='ltr'>ignorare,</span> <span class='ocrx_word' id='word_1_230' title='bbox 3126 2480 3267 2547; x_wconf 82' lang='lat' dir='ltr'>quae</span> <span class='ocrx_word' id='word_1_231' title='bbox 3320 2478 3467 2545; x_wconf 82' lang='lat' dir='ltr'>pars</span> <span class='ocrx_word' id='word_1_232' title='bbox 3518 2458 3652 2526; x_wconf 85' lang='lat' dir='ltr'>fine</span> <span class='ocrx_word' id='word_1_233' title='bbox 3704 2454 3904 2526; x_wconf 89' lang='lat' dir='ltr'>dubio</span> <span class='ocrx_word' id='word_1_234' title='bbox 3940 2464 4121 2529; x_wconf 84' lang='lat' dir='ltr'>mul·</span> 
     </span>
     <span class='ocr_line' id='line_1_21' title="bbox 1123 2558 4121 2651; baseline 0.002 -28"><span class='ocrx_word' id='word_1_235' title='bbox 1123 2570 1190 2623; x_wconf 87' lang='lat' dir='ltr'>to</span> <span class='ocrx_word' id='word_1_236' title='bbox 1245 2562 1537 2651; x_wconf 80' lang='lat' dir='ltr'>maxima</span> <span class='ocrx_word' id='word_1_237' title='bbox 1588 2558 1716 2623; x_wconf 88' lang='lat' dir='ltr'>est.</span> <span class='ocrx_word' id='word_1_238' title='bbox 1779 2561 1854 2622; x_wconf 86' lang='lat' dir='ltr'>In</span> <span class='ocrx_word' id='word_1_239' title='bbox 1909 2580 1991 2625; x_wconf 91' lang='lat' dir='ltr'>eo</span> <span class='ocrx_word' id='word_1_240' title='bbox 2040 2575 2261 2625; x_wconf 84' lang='lat' dir='ltr'>autem</span> <span class='ocrx_word' id='word_1_241' title='bbox 2314 2560 2456 2637; x_wconf 78' lang='lat' dir='ltr'>jure</span> <span class='ocrx_word' id='word_1_242' title='bbox 2493 2612 2516 2643; x_wconf 89' lang='lat'>,</span> <span class='ocrx_word' id='word_1_243' title='bbox 2585 2559 2757 2646; x_wconf 89' lang='lat' dir='ltr'>quod</span> <span class='ocrx_word' id='word_1_244' title='bbox 2814 2558 3167 2649; x_wconf 76' lang='lat' dir='ltr'>ambigitur</span> <span class='ocrx_word' id='word_1_245' title='bbox 3220 2560 3391 2627; x_wconf 86' lang='lat' dir='ltr'>inter</span> <span class='ocrx_word' id='word_1_246' title='bbox 3446 2561 3852 2649; x_wconf 76' lang='lat' dir='ltr'>peritissimos</span> <span class='ocrx_word' id='word_1_247' title='bbox 3887 2616 3907 2647; x_wconf 93' lang='lat'>,</span> <span class='ocrx_word' id='word_1_248' title='bbox 3977 2585 4121 2629; x_wconf 89' lang='lat' dir='ltr'>non</span> 
     </span>
     <span class='ocr_line' id='line_1_22' title="bbox 1121 2654 4121 2754; baseline 0.003 -31"><span class='ocrx_word' id='word_1_249' title='bbox 1121 2654 1216 2723; x_wconf 87' lang='lat' dir='ltr'>est</span> <span class='ocrx_word' id='word_1_250' title='bbox 1266 2656 1529 2722; x_wconf 84' lang='lat' dir='ltr'>difficile</span> <span class='ocrx_word' id='word_1_251' title='bbox 1581 2661 1866 2751; x_wconf 56' lang='lat' dir='ltr'>matori,</span> <span class='ocrx_word' id='word_1_252' title='bbox 1915 2660 2057 2738; x_wconf 74' lang='lat' dir='ltr'>ejus</span> <span class='ocrx_word' id='word_1_253' title='bbox 2114 2661 2318 2747; x_wconf 87' lang='lat' dir='ltr'>partis</span> <span class='ocrx_word' id='word_1_254' title='bbox 2369 2713 2389 2744; x_wconf 86' lang='lat'>,</span> <span class='ocrx_word' id='word_1_255' title='bbox 2440 2679 2935 2749; x_wconf 86' lang='lat' dir='ltr'>quamcumque</span> <span class='ocrx_word' id='word_1_256' title='bbox 2987 2660 3301 2731; x_wconf 85' lang='lat' dir='ltr'>defendat</span> <span class='ocrx_word' id='word_1_257' title='bbox 3343 2716 3363 2747; x_wconf 93' lang='lat'>,</span> <span class='ocrx_word' id='word_1_258' title='bbox 3430 2664 3769 2732; x_wconf 65' lang='lat' dir='ltr'>auitorern</span> <span class='ocrx_word' id='word_1_259' title='bbox 3823 2664 4121 2754; x_wconf 86' lang='lat' dir='ltr'>aliquem</span> 
     </span>
     <span class='ocr_line' id='line_1_23' title="bbox 1122 2758 4123 2851; baseline 0.003 -28"><span class='ocrx_word' id='word_1_260' title='bbox 1122 2758 1465 2824; x_wconf 83' lang='lat' dir='ltr'>invenire:</span> <span class='ocrx_word' id='word_1_261' title='bbox 1519 2780 1553 2825; x_wconf 90' lang='lat' dir='ltr'>a</span> <span class='ocrx_word' id='word_1_262' title='bbox 1610 2778 1744 2847; x_wconf 87' lang='lat' dir='ltr'>quo</span> <span class='ocrx_word' id='word_1_263' title='bbox 1794 2780 1953 2827; x_wconf 89' lang='lat' dir='ltr'>cum</span> <span class='ocrx_word' id='word_1_264' title='bbox 2007 2777 2379 2826; x_wconf 86' lang='lat' dir='ltr'>amentatas</span> <span class='ocrx_word' id='word_1_265' title='bbox 2426 2759 2638 2827; x_wconf 84' lang='lat' dir='ltr'>hastas</span> <span class='ocrx_word' id='word_1_266' title='bbox 2692 2763 3047 2847; x_wconf 86' lang='lat' dir='ltr'>acceperit,</span> <span class='ocrx_word' id='word_1_267' title='bbox 3098 2762 3231 2847; x_wconf 90' lang='lat' dir='ltr'>ipse</span> <span class='ocrx_word' id='word_1_268' title='bbox 3283 2782 3393 2828; x_wconf 89' lang='lat' dir='ltr'>eas</span> <span class='ocrx_word' id='word_1_269' title='bbox 3447 2766 3723 2828; x_wconf 86' lang='lat' dir='ltr'>oratoris</span> <span class='ocrx_word' id='word_1_270' title='bbox 3776 2766 4041 2833; x_wconf 78' lang='lat' dir='ltr'>lacertis</span> <span class='ocrx_word' id='word_1_271' title='bbox 4100 2818 4123 2851; x_wconf 86' lang='lat'>,</span> 
     </span>
     <span class='ocr_line' id='line_1_24' title="bbox 1124 2854 4133 2951; baseline -0 -24"><span class='ocrx_word' id='word_1_272' title='bbox 1124 2854 1500 2949; x_wconf 69' lang='lat' dir='ltr'>viribusque</span> <span class='ocrx_word' id='word_1_273' title='bbox 1553 2857 1876 2949; x_wconf 87' lang='lat' dir='ltr'>torquebit</span> <span class='ocrx_word' id='word_1_274' title='bbox 1918 2909 1934 2925; x_wconf 92' lang='lat'><strong>.</strong></span> <span class='ocrx_word' id='word_1_275' title='bbox 1991 2863 2126 2926; x_wconf 86' lang='lat' dir='ltr'>Nisi</span> <span class='ocrx_word' id='word_1_276' title='bbox 2189 2880 2343 2926; x_wconf 82' lang='lat' dir='ltr'>vero</span> <span class='ocrx_word' id='word_1_277' title='bbox 2392 2877 2425 2951; x_wconf 90' lang='lat'><em>(</em></span> <span class='ocrx_word' id='word_1_278' title='bbox 2478 2856 2649 2925; x_wconf 88' lang='lat' dir='ltr'>bona</span> <span class='ocrx_word' id='word_1_279' title='bbox 2702 2862 2895 2925; x_wconf 89' lang='lat' dir='ltr'>venia</span> <span class='ocrx_word' id='word_1_280' title='bbox 2946 2859 3147 2936; x_wconf 83' lang='lat' dir='ltr'>hujus</span> <span class='ocrx_word' id='word_1_281' title='bbox 3196 2862 3426 2945; x_wconf 88' lang='lat' dir='ltr'>optimi</span> <span class='ocrx_word' id='word_1_282' title='bbox 3481 2863 3599 2926; x_wconf 88' lang='lat' dir='ltr'>viri</span> <span class='ocrx_word' id='word_1_283' title='bbox 3650 2862 3931 2929; x_wconf 82' lang='lat' dir='ltr'>dixerim</span> <span class='ocrx_word' id='word_1_284' title='bbox 3952 2872 4133 2936; x_wconf 80' lang='lat' dir='ltr'>Scae.</span> 
     </span>
     <span class='ocr_line' id='line_1_25' title="bbox 1123 2957 4126 3049; baseline 0.003 -28"><span class='ocrx_word' id='word_1_285' title='bbox 1123 2957 1288 3024; x_wconf 83' lang='lat' dir='ltr'>volae</span> <span class='ocrx_word' id='word_1_286' title='bbox 1344 2968 1376 3040; x_wconf 89' lang='lat'><em>)</em></span> <span class='ocrx_word' id='word_1_287' title='bbox 1426 2978 1494 3023; x_wconf 88' lang='lat' dir='ltr'>ru</span> <span class='ocrx_word' id='word_1_288' title='bbox 1551 2958 1794 3026; x_wconf 86' lang='lat' dir='ltr'>libellis</span> <span class='ocrx_word' id='word_1_289' title='bbox 1833 3013 1851 3045; x_wconf 90' lang='lat'><strong>‚</strong></span> <span class='ocrx_word' id='word_1_290' title='bbox 1921 2978 2034 3031; x_wconf 87' lang='lat' dir='ltr'>aut</span> <span class='ocrx_word' id='word_1_291' title='bbox 2107 2964 2436 3049; x_wconf 63' lang='lat' dir='ltr'>praeceptis</span> <span class='ocrx_word' id='word_1_292' title='bbox 2508 2960 2711 3027; x_wconf 90' lang='lat' dir='ltr'>soceri</span> <span class='ocrx_word' id='word_1_293' title='bbox 2784 2962 2881 3027; x_wconf 91' lang='lat' dir='ltr'>tui</span> <span class='ocrx_word' id='word_1_294' title='bbox 2950 2957 3221 3026; x_wconf 88' lang='lat' dir='ltr'>causam</span> <span class='ocrx_word' id='word_1_295' title='bbox 3290 2960 3386 3023; x_wconf 90' lang='lat' dir='ltr'>M.</span> <span class='ocrx_word' id='word_1_296' title='bbox 3442 2960 3627 3026; x_wconf 90' lang='lat' dir='ltr'>Curii</span> <span class='ocrx_word' id='word_1_297' title='bbox 3696 2960 4039 3036; x_wconf 82' lang='lat' dir='ltr'>defendisti</span> <span class='ocrx_word' id='word_1_298' title='bbox 4107 3016 4126 3034; x_wconf 91' lang='lat'><strong>.</strong></span> 
     </span>
     <span class='ocr_line' id='line_1_26' title="bbox 1122 3059 4127 3150; baseline 0.002 -27"><span class='ocrx_word' id='word_1_299' title='bbox 1122 3060 1360 3125; x_wconf 89' lang='lat' dir='ltr'>Nonne</span> <span class='ocrx_word' id='word_1_300' title='bbox 1415 3060 1731 3147; x_wconf 87' lang='lat' dir='ltr'>arripuisti</span> <span class='ocrx_word' id='word_1_301' title='bbox 1788 3064 2234 3149; x_wconf 87' lang='lat' dir='ltr'>patrocinium</span> <span class='ocrx_word' id='word_1_302' title='bbox 2284 3064 2601 3150; x_wconf 81' lang='lat' dir='ltr'>aequitatis</span> <span class='ocrx_word' id='word_1_303' title='bbox 2640 3114 2660 3147; x_wconf 94' lang='lat'>,</span> <span class='ocrx_word' id='word_1_304' title='bbox 2730 3063 2801 3130; x_wconf 88' lang='lat'>&amp;</span> <span class='ocrx_word' id='word_1_305' title='bbox 2854 3060 3299 3128; x_wconf 74' lang='lat' dir='ltr'>defensionem</span> <span class='ocrx_word' id='word_1_306' title='bbox 3354 3059 3899 3128; x_wconf 87' lang='lat' dir='ltr'>testamentorum</span> <span class='ocrx_word' id='word_1_307' title='bbox 3958 3114 3979 3146; x_wconf 93' lang='lat'>,</span> <span class='ocrx_word' id='word_1_308' title='bbox 4040 3084 4127 3136; x_wconf 83' lang='lat' dir='ltr'>ac</span> 
     </span>
     <span class='ocr_line' id='line_1_27' title="bbox 1121 3160 4117 3254; baseline 0.001 -28"><span class='ocrx_word' id='word_1_309' title='bbox 1121 3160 1487 3228; x_wconf 81' lang='lat' dir='ltr'>voluntatis</span> <span class='ocrx_word' id='word_1_310' title='bbox 1542 3166 2004 3232; x_wconf 83' lang='lat' dir='ltr'>mortuorum?</span> <span class='ocrx_word' id='word_1_311' title='bbox 2061 3169 2164 3232; x_wconf 85' lang='lat' dir='ltr'>Ac</span> <span class='ocrx_word' id='word_1_312' title='bbox 2220 3183 2366 3231; x_wconf 85' lang='lat' dir='ltr'>mea</span> <span class='ocrx_word' id='word_1_313' title='bbox 2418 3165 2689 3254; x_wconf 89' lang='lat' dir='ltr'>quidem</span> <span class='ocrx_word' id='word_1_314' title='bbox 2742 3163 3118 3247; x_wconf 86' lang='lat' dir='ltr'>sententia·‚</span> <span class='ocrx_word' id='word_1_315' title='bbox 3186 3173 3215 3248; x_wconf 90' lang='lat'>(</span> <span class='ocrx_word' id='word_1_316' title='bbox 3278 3160 3587 3250; x_wconf 87' lang='lat' dir='ltr'>frequens</span> <span class='ocrx_word' id='word_1_317' title='bbox 3638 3164 3819 3230; x_wconf 88' lang='lat' dir='ltr'>enim</span> <span class='ocrx_word' id='word_1_318' title='bbox 3874 3181 3941 3230; x_wconf 91' lang='lat' dir='ltr'>te</span> <span class='ocrx_word' id='word_1_319' title='bbox 3994 3184 4117 3234; x_wconf 85' lang='lat' dir='ltr'>au.</span> 
     </span>
     <span class='ocr_line' id='line_1_28' title="bbox 1121 3259 4119 3354; baseline 0.001 -26"><span class='ocrx_word' id='word_1_320' title='bbox 1121 3259 1264 3330; x_wconf 88' lang='lat' dir='ltr'>divi</span> <span class='ocrx_word' id='word_1_321' title='bbox 1333 3279 1532 3353; x_wconf 89' lang='lat' dir='ltr'>atque</span> <span class='ocrx_word' id='word_1_322' title='bbox 1597 3265 1758 3332; x_wconf 85' lang='lat' dir='ltr'>affui</span> <span class='ocrx_word' id='word_1_323' title='bbox 1811 3276 1842 3348; x_wconf 86' lang='lat'><em>)</em></span> <span class='ocrx_word' id='word_1_324' title='bbox 1895 3266 2110 3336; x_wconf 85' lang='lat' dir='ltr'>multo</span> <span class='ocrx_word' id='word_1_325' title='bbox 2165 3267 2489 3343; x_wconf 77' lang='lat' dir='ltr'>majorem</span> <span class='ocrx_word' id='word_1_326' title='bbox 2545 3283 2799 3354; x_wconf 88' lang='lat' dir='ltr'>partem</span> <span class='ocrx_word' id='word_1_327' title='bbox 2848 3261 3507 3329; x_wconf 75' lang='lat' dir='ltr'>sententiarum-{ale</span> <span class='ocrx_word' id='word_1_328' title='bbox 3558 3281 3673 3331; x_wconf 91' lang='lat' dir='ltr'>tuo</span> <span class='ocrx_word' id='word_1_329' title='bbox 3711 3315 3733 3350; x_wconf 90' lang='lat'>,</span> <span class='ocrx_word' id='word_1_330' title='bbox 3804 3269 3875 3336; x_wconf 77' lang='grc' dir='ltr'>δι</span> <span class='ocrx_word' id='word_1_331' title='bbox 3938 3266 4119 3354; x_wconf 76' lang='lat' dir='ltr'>lepo-</span> 
     </span>
     <span class='ocr_line' id='line_1_29' title="bbox 1123 3360 4113 3453; baseline 0.002 -25"><span class='ocrx_word' id='word_1_332' title='bbox 1123 3384 1236 3449; x_wconf 87' lang='lat' dir='ltr'>re,</span> <span class='ocrx_word' id='word_1_333' title='bbox 1289 3366 1356 3433; x_wconf 88' lang='lat'>&amp;</span> <span class='ocrx_word' id='word_1_334' title='bbox 1417 3364 1799 3453; x_wconf 84' lang='lat' dir='ltr'>politissimis</span> <span class='ocrx_word' id='word_1_335' title='bbox 1874 3367 2128 3433; x_wconf 86' lang='lat' dir='ltr'>facetiis</span> <span class='ocrx_word' id='word_1_336' title='bbox 2179 3365 2500 3452; x_wconf 79' lang='lat' dir='ltr'>pellexisti</span> <span class='ocrx_word' id='word_1_337' title='bbox 2541 3416 2560 3451; x_wconf 90' lang='lat'>‚</span> <span class='ocrx_word' id='word_1_338' title='bbox 2636 3386 2795 3434; x_wconf 88' lang='lat' dir='ltr'>cum</span> <span class='ocrx_word' id='word_1_339' title='bbox 2848 3367 2917 3433; x_wconf 88' lang='lat'>&amp;</span> <span class='ocrx_word' id='word_1_340' title='bbox 2974 3360 3141 3429; x_wconf 91' lang='lat' dir='ltr'>illud</span> <span class='ocrx_word' id='word_1_341' title='bbox 3192 3365 3475 3430; x_wconf 90' lang='lat' dir='ltr'>nimium</span> <span class='ocrx_word' id='word_1_342' title='bbox 3542 3387 3830 3436; x_wconf 89' lang='lat' dir='ltr'>acumen</span> <span class='ocrx_word' id='word_1_343' title='bbox 3880 3365 4113 3437; x_wconf 87' lang='lat' dir='ltr'>illude-</span> 
     </span>
     <span class='ocr_line' id='line_1_30' title="bbox 1115 3463 4113 3558; baseline 0.002 -28"><span class='ocrx_word' id='word_1_344' title='bbox 1115 3484 1264 3552; x_wconf 72' lang='grc' dir='ltr'>τες,</span> <span class='ocrx_word' id='word_1_345' title='bbox 1313 3467 1385 3537; x_wconf 85' lang='lat'>&amp;</span> <span class='ocrx_word' id='word_1_346' title='bbox 1443 3466 1842 3534; x_wconf 88' lang='lat' dir='ltr'>admirarere</span> <span class='ocrx_word' id='word_1_347' title='bbox 1895 3467 2246 3558; x_wconf 86' lang='lat' dir='ltr'>ingenium</span> <span class='ocrx_word' id='word_1_348' title='bbox 2298 3467 2645 3551; x_wconf 85' lang='lat' dir='ltr'>Scaevolae,</span> <span class='ocrx_word' id='word_1_349' title='bbox 2696 3468 2809 3555; x_wconf 88' lang='lat' dir='ltr'>qui</span> <span class='ocrx_word' id='word_1_350' title='bbox 2858 3463 3279 3552; x_wconf 68' lang='lat' dir='ltr'>excogitasset</span> <span class='ocrx_word' id='word_1_351' title='bbox 3320 3517 3342 3550; x_wconf 88' lang='lat'>‚</span> <span class='ocrx_word' id='word_1_352' title='bbox 3392 3464 3565 3534; x_wconf 87' lang='lat' dir='ltr'>nasci</span> <span class='ocrx_word' id='word_1_353' title='bbox 3621 3468 3803 3558; x_wconf 84' lang='lat' dir='ltr'>prius</span> <span class='ocrx_word' id='word_1_354' title='bbox 3856 3487 4113 3556; x_wconf 87' lang='lat' dir='ltr'>oporte-</span> 
     </span>
     <span class='ocr_line' id='line_1_31' title="bbox 1117 3563 4108 3658; baseline 0.003 -28"><span class='ocrx_word' id='word_1_355' title='bbox 1117 3586 1252 3649; x_wconf 79' lang='lat' dir='ltr'>re,</span> <span class='ocrx_word' id='word_1_356' title='bbox 1299 3587 1506 3652; x_wconf 89' lang='lat' dir='ltr'>quam</span> <span class='ocrx_word' id='word_1_357' title='bbox 1557 3573 1766 3636; x_wconf 86' lang='lat' dir='ltr'>emori</span> <span class='ocrx_word' id='word_1_358' title='bbox 1807 3593 1824 3632; x_wconf 89' lang='lat'><strong>:</strong></span> <span class='ocrx_word' id='word_1_359' title='bbox 1894 3589 2185 3658; x_wconf 90' lang='lat' dir='ltr'>cumque</span> <span class='ocrx_word' id='word_1_360' title='bbox 2236 3566 2449 3635; x_wconf 89' lang='lat' dir='ltr'>multa</span> <span class='ocrx_word' id='word_1_361' title='bbox 2500 3568 2851 3658; x_wconf 87' lang='lat' dir='ltr'>colligeres</span> <span class='ocrx_word' id='word_1_362' title='bbox 2902 3567 2975 3634; x_wconf 76' lang='grc' dir='ltr'>δι</span> <span class='ocrx_word' id='word_1_363' title='bbox 3032 3586 3119 3632; x_wconf 81' lang='lat' dir='ltr'>ex</span> <span class='ocrx_word' id='word_1_364' title='bbox 3176 3563 3483 3654; x_wconf 69' lang='lat' dir='ltr'>legibus,</span> <span class='ocrx_word' id='word_1_365' title='bbox 3538 3570 3607 3637; x_wconf 88' lang='lat'>&amp;</span> <span class='ocrx_word' id='word_1_366' title='bbox 3664 3591 3748 3637; x_wconf 86' lang='lat' dir='ltr'>ex</span> <span class='ocrx_word' id='word_1_367' title='bbox 3821 3568 4108 3640; x_wconf 71' lang='lat' dir='ltr'>{enatus-</span> 
     </span>
     <span class='ocr_line' id='line_1_32' title="bbox 1117 3661 4107 3757; baseline 0.003 -27"><span class='ocrx_word' id='word_1_368' title='bbox 1117 3661 1440 3730; x_wconf 87' lang='lat' dir='ltr'>consultis</span> <span class='ocrx_word' id='word_1_369' title='bbox 1478 3714 1498 3746; x_wconf 92' lang='lat'>,</span> <span class='ocrx_word' id='word_1_370' title='bbox 1567 3671 1636 3733; x_wconf 89' lang='lat'>&amp;</span> <span class='ocrx_word' id='word_1_371' title='bbox 1693 3688 1777 3732; x_wconf 87' lang='lat' dir='ltr'>ex</span> <span class='ocrx_word' id='word_1_372' title='bbox 1836 3669 1970 3732; x_wconf 87' lang='lat' dir='ltr'>vita</span> <span class='ocrx_word' id='word_1_373' title='bbox 2041 3689 2116 3734; x_wconf 90' lang='lat' dir='ltr'>ac</span> <span class='ocrx_word' id='word_1_374' title='bbox 2171 3663 2469 3735; x_wconf 87' lang='lat' dir='ltr'>sermone</span> <span class='ocrx_word' id='word_1_375' title='bbox 2518 3669 2926 3751; x_wconf 86' lang='lat' dir='ltr'>communi,</span> <span class='ocrx_word' id='word_1_376' title='bbox 2996 3688 3128 3736; x_wconf 89' lang='lat' dir='ltr'>non</span> <span class='ocrx_word' id='word_1_377' title='bbox 3181 3667 3383 3734; x_wconf 86' lang='lat' dir='ltr'>modo</span> <span class='ocrx_word' id='word_1_378' title='bbox 3438 3690 3625 3737; x_wconf 89' lang='lat' dir='ltr'>acute</span> <span class='ocrx_word' id='word_1_379' title='bbox 3663 3724 3684 3757; x_wconf 90' lang='lat'>,</span> <span class='ocrx_word' id='word_1_380' title='bbox 3754 3670 3860 3737; x_wconf 77' lang='lat' dir='ltr'>sed</span> <span class='ocrx_word' id='word_1_381' title='bbox 3906 3675 4107 3738; x_wconf 87' lang='lat' dir='ltr'>etiam</span> 
     </span>
     <span class='ocr_line' id='line_1_33' title="bbox 1119 3761 4103 3861; baseline 0.004 -31"><span class='ocrx_word' id='word_1_382' title='bbox 1119 3761 1398 3832; x_wconf 75' lang='lat' dir='ltr'>ridicule</span> <span class='ocrx_word' id='word_1_383' title='bbox 1447 3781 1525 3833; x_wconf 86' lang='lat' dir='ltr'>ac</span> <span class='ocrx_word' id='word_1_384' title='bbox 1581 3763 1832 3851; x_wconf 81' lang='lat' dir='ltr'>facete3</span> <span class='ocrx_word' id='word_1_385' title='bbox 1881 3763 1990 3831; x_wconf 89' lang='lat' dir='ltr'>ubi</span> <span class='ocrx_word' id='word_1_386' title='bbox 2045 3767 2090 3832; x_wconf 82' lang='lat' dir='ltr'>fi</span> <span class='ocrx_word' id='word_1_387' title='bbox 2153 3765 2391 3853; x_wconf 85' lang='lat' dir='ltr'>verba,</span> <span class='ocrx_word' id='word_1_388' title='bbox 2442 3787 2575 3834; x_wconf 91' lang='lat' dir='ltr'>non</span> <span class='ocrx_word' id='word_1_389' title='bbox 2626 3789 2767 3838; x_wconf 88' lang='lat' dir='ltr'>rem</span> <span class='ocrx_word' id='word_1_390' title='bbox 2818 3769 3279 3858; x_wconf 84' lang='lat' dir='ltr'>sequeremur,</span> <span class='ocrx_word' id='word_1_391' title='bbox 3328 3768 3573 3838; x_wconf 85' lang='lat' dir='ltr'>confici</span> <span class='ocrx_word' id='word_1_392' title='bbox 3620 3771 3787 3842; x_wconf 85' lang='lat' dir='ltr'>nihil</span> <span class='ocrx_word' id='word_1_393' title='bbox 3842 3772 4035 3861; x_wconf 75' lang='lat' dir='ltr'>polset</span> <span class='ocrx_word' id='word_1_394' title='bbox 4083 3821 4103 3842; x_wconf 89' lang='lat'><strong>.</strong></span> 
     </span>
    </p>

    <p class='ocr_par' dir='ltr' id='par_1_4' title="bbox 3876 3876 4011 3941">
     <span class='ocr_line' id='line_1_34' title="bbox 3876 3876 4011 3941; baseline 0.015 -3"><span class='ocrx_word' id='word_1_395' title='bbox 3876 3876 4011 3941; x_wconf 88' lang='lat' dir='ltr'>Ita-</span> 
     </span>
    </p>
   </div>
   <div class='ocr_carea' id='block_1_3' title="bbox 1147 4061 4113 4110">
    <p class='ocr_par' dir='ltr' id='par_1_5' title="bbox 1147 4061 4113 4110">
     <span class='ocr_line' id='line_1_35' title="bbox 1147 4061 4113 4110; baseline 0.001 -7"><span class='ocrx_word' id='word_1_396' title='bbox 1147 4061 4113 4110; x_wconf 48' lang='grc' dir='ltr'><em>Μ</em></span> 
     </span>
    </p>
   </div>
   <div class='ocr_carea' id='block_1_4' title="bbox 1153 4111 4101 4142">
    <p class='ocr_par' dir='ltr' id='par_1_6' title="bbox 1153 4111 4101 4142">
     <span class='ocr_line' id='line_1_36' title="bbox 1153 4111 4101 4142; baseline 0 2179"><span class='ocrx_word' id='word_1_397' title='bbox 1153 4111 4101 4142; x_wconf 95' lang='lat' dir='ltr'> </span> 
     </span>
    </p>
   </div>
   <div class='ocr_carea' id='block_1_5' title="bbox 1089 4255 4113 5183">
    <p class='ocr_par' dir='ltr' id='par_1_7' title="bbox 1109 4255 4109 4482">
     <span class='ocr_line' id='line_1_37' title="bbox 1186 4255 4085 4348; baseline 0.002 -37"><span class='ocrx_word' id='word_1_398' title='bbox 1186 4259 1216 4320; x_wconf 87' lang='grc'><strong>(</strong></span> <span class='ocrx_word' id='word_1_399' title='bbox 1243 4260 1346 4336; x_wconf 71' lang='lat' dir='ltr'>i4)</span> <span class='ocrx_word' id='word_1_400' title='bbox 1388 4265 1490 4336; x_wconf 64' lang='lat' dir='ltr'>pro</span> <span class='ocrx_word' id='word_1_401' title='bbox 1527 4263 1784 4348; x_wconf 46' lang='lat' dir='ltr'>equitate</span> <span class='ocrx_word' id='word_1_402' title='bbox 1815 4275 2008 4317; x_wconf 81' lang='lat' dir='ltr'>contra</span> <span class='ocrx_word' id='word_1_403' title='bbox 2043 4265 2132 4330; x_wconf 75' lang='lat' dir='ltr'>jus</span> <span class='ocrx_word' id='word_1_404' title='bbox 2167 4267 2206 4342; x_wconf 45' lang='grc'>)“</span> <span class='ocrx_word' id='word_1_405' title='bbox 2248 4261 2559 4336; x_wconf 80' lang='lat' dir='ltr'>AEquitatis</span> <span class='ocrx_word' id='word_1_406' title='bbox 2662 4285 2777 4324; x_wconf 54' lang='lat' dir='ltr'>cati</span> <span class='ocrx_word' id='word_1_407' title='bbox 2814 4264 3050 4340; x_wconf 76' lang='lat' dir='ltr'>Agnasci</span> <span class='ocrx_word' id='word_1_408' title='bbox 3088 4265 3292 4325; x_wconf 84' lang='lat' dir='ltr'>dicitur</span> <span class='ocrx_word' id='word_1_409' title='bbox 3319 4307 3337 4332; x_wconf 95' lang='lat'>,</span> <span class='ocrx_word' id='word_1_410' title='bbox 3388 4264 3481 4338; x_wconf 87' lang='lat' dir='ltr'>qui</span> <span class='ocrx_word' id='word_1_411' title='bbox 3534 4263 3765 4342; x_wconf 79' lang='lat' dir='ltr'>nascitur</span> <span class='ocrx_word' id='word_1_412' title='bbox 3799 4275 3921 4318; x_wconf 86' lang='lat' dir='ltr'>cum</span> <span class='ocrx_word' id='word_1_413' title='bbox 3956 4255 4085 4316; x_wconf 75' lang='lat' dir='ltr'>aliis</span> 
     </span>
     <span class='ocr_line' id='line_1_38' title="bbox 1113 4328 4109 4412; baseline 0.002 -30"><span class='ocrx_word' id='word_1_414' title='bbox 1113 4343 1344 4408; x_wconf 78' lang='lat' dir='ltr'>nomine</span> <span class='ocrx_word' id='word_1_415' title='bbox 1381 4329 1713 4412; x_wconf 75' lang='lat' dir='ltr'>intelligitur</span> <span class='ocrx_word' id='word_1_416' title='bbox 1749 4337 2050 4398; x_wconf 51' lang='lat' dir='ltr'>emesae-ix,</span> <span class='ocrx_word' id='word_1_417' title='bbox 2081 4331 2385 4403; x_wconf 73' lang='lat' dir='ltr'>benignitas</span> <span class='ocrx_word' id='word_1_418' title='bbox 2408 4379 2425 4402; x_wconf 93' lang='lat'><em>‚</em></span> <span class='ocrx_word' id='word_1_419' title='bbox 2458 4355 2559 4408; x_wconf 82' lang='lat' dir='ltr'>qua</span> <span class='ocrx_word' id='word_1_420' title='bbox 2660 4339 2753 4412; x_wconf 82' lang='lat' dir='ltr'>qui</span> <span class='ocrx_word' id='word_1_421' title='bbox 2793 4359 2859 4396; x_wconf 81' lang='lat' dir='ltr'>ex</span> <span class='ocrx_word' id='word_1_422' title='bbox 2898 4339 3083 4396; x_wconf 81' lang='lat' dir='ltr'>eadem</span> <span class='ocrx_word' id='word_1_423' title='bbox 3120 4337 3287 4411; x_wconf 83' lang='lat' dir='ltr'>stirpe</span> <span class='ocrx_word' id='word_1_424' title='bbox 3326 4357 3426 4409; x_wconf 83' lang='lat' dir='ltr'>per</span> <span class='ocrx_word' id='word_1_425' title='bbox 3468 4336 3617 4394; x_wconf 80' lang='lat' dir='ltr'>viros</span> <span class='ocrx_word' id='word_1_426' title='bbox 3652 4335 3909 4404; x_wconf 71' lang='lat' dir='ltr'>deinceps</span> <span class='ocrx_word' id='word_1_427' title='bbox 3944 4328 4109 4388; x_wconf 62' lang='lat' dir='ltr'>ducta</span> 
     </span>
     <span class='ocr_line' id='line_1_39' title="bbox 1109 4394 3909 4482; baseline 0.007 -29"><span class='ocrx_word' id='word_1_428' title='bbox 1109 4395 1202 4454; x_wconf 84' lang='lat' dir='ltr'>lex</span> <span class='ocrx_word' id='word_1_429' title='bbox 1239 4394 1438 4471; x_wconf 82' lang='lat' dir='ltr'>scripta</span> <span class='ocrx_word' id='word_1_430' title='bbox 1487 4420 1802 4474; x_wconf 85' lang='lat' dir='ltr'>mitigatur,</span> <span class='ocrx_word' id='word_1_431' title='bbox 1861 4408 2074 4464; x_wconf 83' lang='lat' dir='ltr'>ratione</span> <span class='ocrx_word' id='word_1_432' title='bbox 2113 4404 2299 4464; x_wconf 82' lang='lat' dir='ltr'>habita</span> <span class='ocrx_word' id='word_1_433' title='bbox 2338 4425 2550 4475; x_wconf 82' lang='lat' dir='ltr'>rerum,</span> <span class='ocrx_word' id='word_1_434' title='bbox 2660 4408 2774 4468; x_wconf 83' lang='lat' dir='ltr'>nati</span> <span class='ocrx_word' id='word_1_435' title='bbox 2813 4417 2869 4468; x_wconf 76' lang='grc' dir='ltr'>δε</span> <span class='ocrx_word' id='word_1_436' title='bbox 2908 4405 3165 4482; x_wconf 83' lang='lat' dir='ltr'>sanguine</span> <span class='ocrx_word' id='word_1_437' title='bbox 3200 4407 3481 4480; x_wconf 74' lang='lat' dir='ltr'>conjunffl</span> <span class='ocrx_word' id='word_1_438' title='bbox 3523 4405 3683 4466; x_wconf 85' lang='lat' dir='ltr'>sunt·</span> <span class='ocrx_word' id='word_1_439' title='bbox 3718 4405 3909 4463; x_wconf 56' lang='lat' dir='ltr'>Ihm·</span> 
     </span>
    </p>

    <p class='ocr_par' dir='ltr' id='par_1_8' title="bbox 1149 4465 4109 4555">
     <span class='ocr_line' id='line_1_40' title="bbox 1149 4465 4109 4555; baseline 0.011 -31"><span class='ocrx_word' id='word_1_440' title='bbox 1149 4465 1464 4549; x_wconf 72' lang='lat' dir='ltr'>ersonarum</span> <span class='ocrx_word' id='word_1_441' title='bbox 1495 4515 1514 4539; x_wconf 91' lang='lat'>,</span> <span class='ocrx_word' id='word_1_442' title='bbox 1575 4494 1634 4532; x_wconf 83' lang='lat' dir='ltr'>ac</span> <span class='ocrx_word' id='word_1_443' title='bbox 1687 4495 1993 4550; x_wconf 83' lang='lat' dir='ltr'>temporum</span> <span class='ocrx_word' id='word_1_444' title='bbox 2026 4501 2044 4533; x_wconf 93' lang='lat'>.·</span> <span class='ocrx_word' id='word_1_445' title='bbox 2096 4479 2177 4544; x_wconf 85' lang='lat' dir='ltr'>jus</span> <span class='ocrx_word' id='word_1_446' title='bbox 2230 4493 2405 4539; x_wconf 85' lang='lat' dir='ltr'>autem</span> <span class='ocrx_word' id='word_1_447' title='bbox 2436 4523 2455 4548; x_wconf 96' lang='lat'><em>‚</em></span> <span class='ocrx_word' id='word_1_448' title='bbox 2492 4500 2555 4539; x_wconf 88' lang='lat' dir='ltr'>ut</span> <span class='ocrx_word' id='word_1_449' title='bbox 2728 4488 2887 4548; x_wconf 84' lang='lat' dir='ltr'>(i6)</span> <span class='ocrx_word' id='word_1_450' title='bbox 2912 4487 3071 4552; x_wconf 79' lang='lat' dir='ltr'>Iuris</span> <span class='ocrx_word' id='word_1_451' title='bbox 3108 4488 3170 4538; x_wconf 75' lang='lat' dir='ltr'>in</span> <span class='ocrx_word' id='word_1_452' title='bbox 3208 4477 3581 4552; x_wconf 67' lang='lat' dir='ltr'>controverffiS</span> <span class='ocrx_word' id='word_1_453' title='bbox 3616 4493 3647 4550; x_wconf 78' lang='grc'>)</span> <span class='ocrx_word' id='word_1_454' title='bbox 3698 4475 3989 4555; x_wconf 60' lang='lat' dir='ltr'>hmbinns.</span> <span class='ocrx_word' id='word_1_455' title='bbox 4026 4473 4109 4530; x_wconf 54' lang='grc' dir='ltr'>ιε’·</span> 
     </span>
    </p>

    <p class='ocr_par' dir='ltr' id='par_1_9' title="bbox 1114 4537 4109 4686">
     <span class='ocr_line' id='line_1_41' title="bbox 1162 4537 4104 4678; baseline -0.003 -68"><span class='ocrx_word' id='word_1_456' title='bbox 1162 4557 1206 4596; x_wconf 69' lang='lat'>10</span> <span class='ocrx_word' id='word_1_457' title='bbox 1243 4537 1505 4620; x_wconf 79' lang='lat' dir='ltr'>sumitur,</span> <span class='ocrx_word' id='word_1_458' title='bbox 1542 4545 1621 4626; x_wconf 65' lang='lat' dir='ltr'>est</span> <span class='ocrx_word' id='word_1_459' title='bbox 1653 4551 1831 4607; x_wconf 62' lang='lat' dir='ltr'>exacta</span> <span class='ocrx_word' id='word_1_460' title='bbox 1863 4555 1918 4608; x_wconf 77' lang='grc' dir='ltr'>δε</span> <span class='ocrx_word' id='word_1_461' title='bbox 1951 4548 2135 4607; x_wconf 82' lang='lat' dir='ltr'>severa</span> <span class='ocrx_word' id='word_1_462' title='bbox 2153 4549 2286 4620; x_wconf 83' lang='lat' dir='ltr'>legis</span> <span class='ocrx_word' id='word_1_463' title='bbox 2322 4551 2387 4610; x_wconf 87' lang='lat' dir='ltr'>ad</span> <span class='ocrx_word' id='word_1_464' title='bbox 2424 4571 2554 4612; x_wconf 83' lang='lat' dir='ltr'>ver-</span> <span class='ocrx_word' id='word_1_465' title='bbox 2660 4553 2741 4624; x_wconf 88' lang='lat' dir='ltr'>git</span> <span class='ocrx_word' id='word_1_466' title='bbox 2780 4559 2916 4618; x_wconf 73' lang='lat' dir='ltr'>juris</span> <span class='ocrx_word' id='word_1_467' title='bbox 2955 4551 3379 4627; x_wconf 77' lang='lat' dir='ltr'>incontroverfi,</span> <span class='ocrx_word' id='word_1_468' title='bbox 3406 4571 3627 4678; x_wconf 78' lang='lat' dir='ltr'>eumque</span> <span class='ocrx_word' id='word_1_469' title='bbox 3670 4569 3865 4608; x_wconf 88' lang='lat' dir='ltr'>omnes</span> <span class='ocrx_word' id='word_1_470' title='bbox 3902 4545 4104 4624; x_wconf 75' lang='lat' dir='ltr'>deinde</span> 
     </span>
     <span class='ocr_line' id='line_1_42' title="bbox 1114 4611 4109 4686; baseline 0.002 -17"><span class='ocrx_word' id='word_1_471' title='bbox 1114 4611 1240 4671; x_wconf 85' lang='lat' dir='ltr'>bum</span> <span class='ocrx_word' id='word_1_472' title='bbox 1279 4631 1692 4684; x_wconf 84' lang='lat' dir='ltr'>interpretatio·</span> <span class='ocrx_word' id='word_1_473' title='bbox 1736 4621 1920 4678; x_wconf 81' lang='lat' dir='ltr'>Idem.</span> <span class='ocrx_word' id='word_1_474' title='bbox 2658 4621 2929 4682; x_wconf 82' lang='lat' dir='ltr'>edit‘iones</span> <span class='ocrx_word' id='word_1_475' title='bbox 2969 4624 3161 4682; x_wconf 65' lang='lat' dir='ltr'>secutae</span> <span class='ocrx_word' id='word_1_476' title='bbox 3200 4623 3327 4686; x_wconf 86' lang='lat' dir='ltr'>funt</span> <span class='ocrx_word' id='word_1_477' title='bbox 3351 4651 3368 4682; x_wconf 92' lang='grc'>.·</span> <span class='ocrx_word' id='word_1_478' title='bbox 3410 4621 3505 4680; x_wconf 90' lang='lat' dir='ltr'>sed</span> <span class='ocrx_word' id='word_1_479' title='bbox 3568 4624 3723 4682; x_wconf 68' lang='lat' dir='ltr'>ibent</span> <span class='ocrx_word' id='word_1_480' title='bbox 3760 4641 3873 4680; x_wconf 88' lang='lat' dir='ltr'>eam</span> <span class='ocrx_word' id='word_1_481' title='bbox 3914 4617 4109 4676; x_wconf 72' lang='lat' dir='ltr'>lestio-</span> 
     </span>
    </p>

    <p class='ocr_par' dir='ltr' id='par_1_10' title="bbox 1089 4685 4113 5183">
     <span class='ocr_line' id='line_1_43' title="bbox 1186 4685 4113 4770; baseline 0.003 -31"><span class='ocrx_word' id='word_1_482' title='bbox 1186 4691 1292 4754; x_wconf 80' lang='grc' dir='ltr'>(ις</span> <span class='ocrx_word' id='word_1_483' title='bbox 1315 4689 1342 4748; x_wconf 89' lang='grc'>)</span> <span class='ocrx_word' id='word_1_484' title='bbox 1369 4685 1745 4765; x_wconf 48' lang='grc' dir='ltr'>ΑεηηῙεεηάο</span> <span class='ocrx_word' id='word_1_485' title='bbox 1781 4696 1962 4770; x_wconf 60' lang='lat' dir='ltr'>ricmpi</span> <span class='ocrx_word' id='word_1_486' title='bbox 1997 4692 2387 4763; x_wconf 72' lang='lat' dir='ltr'>testamentum</span> <span class='ocrx_word' id='word_1_487' title='bbox 2420 4699 2447 4758; x_wconf 83' lang='grc'>)</span> <span class='ocrx_word' id='word_1_488' title='bbox 2498 4693 2553 4752; x_wconf 89' lang='lat' dir='ltr'>Si</span> <span class='ocrx_word' id='word_1_489' title='bbox 2657 4713 2786 4754; x_wconf 86' lang='lat' dir='ltr'>nem</span> <span class='ocrx_word' id='word_1_490' title='bbox 2826 4715 3027 4753; x_wconf 82' lang='lat' dir='ltr'>revoco</span> <span class='ocrx_word' id='word_1_491' title='bbox 3060 4737 3077 4762; x_wconf 89' lang='lat'>‚</span> <span class='ocrx_word' id='word_1_492' title='bbox 3128 4715 3247 4767; x_wconf 75' lang='lat' dir='ltr'>quae</span> <span class='ocrx_word' id='word_1_493' title='bbox 3289 4701 3348 4756; x_wconf 87' lang='lat' dir='ltr'>in</span> <span class='ocrx_word' id='word_1_494' title='bbox 3386 4695 3659 4754; x_wconf 81' lang='lat' dir='ltr'>omnibus.</span> <span class='ocrx_word' id='word_1_495' title='bbox 3696 4693 3825 4754; x_wconf 81' lang='lat' dir='ltr'>Mss.</span> <span class='ocrx_word' id='word_1_496' title='bbox 3872 4696 3929 4748; x_wconf 76' lang='grc' dir='ltr'>δε</span> <span class='ocrx_word' id='word_1_497' title='bbox 3994 4708 4113 4746; x_wconf 75' lang='lat' dir='ltr'>vet·</span> 
     </span>
     <span class='ocr_line' id='line_1_44' title="bbox 1105 4753 4111 4841; baseline 0.001 -27"><span class='ocrx_word' id='word_1_498' title='bbox 1105 4753 1478 4836; x_wconf 72' lang='lat' dir='ltr'>paterfamilias</span> <span class='ocrx_word' id='word_1_499' title='bbox 1531 4777 1656 4838; x_wconf 78' lang='lat' dir='ltr'>ante</span> <span class='ocrx_word' id='word_1_500' title='bbox 1715 4760 1844 4841; x_wconf 74' lang='lat' dir='ltr'>fecit</span> <span class='ocrx_word' id='word_1_501' title='bbox 1899 4763 2271 4822; x_wconf 80' lang='lat' dir='ltr'>testamentum</span> <span class='ocrx_word' id='word_1_502' title='bbox 2323 4807 2339 4830; x_wconf 91' lang='lat'>,</span> <span class='ocrx_word' id='word_1_503' title='bbox 2394 4785 2552 4838; x_wconf 85' lang='lat' dir='ltr'>quam</span> <span class='ocrx_word' id='word_1_504' title='bbox 2654 4765 2777 4824; x_wconf 90' lang='lat' dir='ltr'>cod.</span> <span class='ocrx_word' id='word_1_505' title='bbox 2815 4766 3144 4824; x_wconf 85' lang='lat' dir='ltr'>invenitur.</span> <span class='ocrx_word' id='word_1_506' title='bbox 3182 4768 3375 4828; x_wconf 87' lang='lat' dir='ltr'>Sensus</span> <span class='ocrx_word' id='word_1_507' title='bbox 3412 4767 3526 4825; x_wconf 87' lang='lat' dir='ltr'>est.-</span> <span class='ocrx_word' id='word_1_508' title='bbox 3566 4773 3792 4826; x_wconf 76' lang='lat' dir='ltr'>oratori</span> <span class='ocrx_word' id='word_1_509' title='bbox 3828 4767 3961 4823; x_wconf 72' lang='lat' dir='ltr'>licet</span> <span class='ocrx_word' id='word_1_510' title='bbox 3998 4765 4111 4818; x_wconf 83' lang='lat' dir='ltr'>im-</span> 
     </span>
     <span class='ocr_line' id='line_1_45' title="bbox 1106 4825 4107 4912; baseline 0.003 -26"><span class='ocrx_word' id='word_1_511' title='bbox 1106 4825 1454 4911; x_wconf 27' lang='lat' dir='ltr'>nannet-fit</span> <span class='ocrx_word' id='word_1_512' title='bbox 1493 4828 1640 4886; x_wconf 80' lang='lat' dir='ltr'>filius</span> <span class='ocrx_word' id='word_1_513' title='bbox 1667 4873 1684 4896; x_wconf 93' lang='lat'><em>‚</em></span> <span class='ocrx_word' id='word_1_514' title='bbox 1735 4850 1952 4890; x_wconf 85' lang='lat' dir='ltr'>irritum</span> <span class='ocrx_word' id='word_1_515' title='bbox 2003 4835 2078 4892; x_wconf 89' lang='lat' dir='ltr'>est</span> <span class='ocrx_word' id='word_1_516' title='bbox 2115 4852 2245 4892; x_wconf 81' lang='lat' dir='ltr'>nato</span> <span class='ocrx_word' id='word_1_517' title='bbox 2300 4835 2454 4902; x_wconf 85' lang='lat' dir='ltr'>filio,</span> <span class='ocrx_word' id='word_1_518' title='bbox 2492 4843 2549 4895; x_wconf 77' lang='grc' dir='ltr'>δε</span> <span class='ocrx_word' id='word_1_519' title='bbox 2642 4850 2793 4912; x_wconf 75' lang='lat' dir='ltr'>pune</span> <span class='ocrx_word' id='word_1_520' title='bbox 2828 4842 2885 4894; x_wconf 76' lang='grc' dir='ltr'>δε</span> <span class='ocrx_word' id='word_1_521' title='bbox 2924 4836 3037 4894; x_wconf 82' lang='lat' dir='ltr'>fine</span> <span class='ocrx_word' id='word_1_522' title='bbox 3074 4837 3277 4900; x_wconf 82' lang='lat' dir='ltr'>damno</span> <span class='ocrx_word' id='word_1_523' title='bbox 3312 4845 3375 4897; x_wconf 74' lang='lat' dir='ltr'>in</span> <span class='ocrx_word' id='word_1_524' title='bbox 3410 4837 3787 4910; x_wconf 73' lang='lat' dir='ltr'>controversss&#39;s</span> <span class='ocrx_word' id='word_1_525' title='bbox 3823 4879 3839 4906; x_wconf 89' lang='lat'>,</span> <span class='ocrx_word' id='word_1_526' title='bbox 3896 4834 3959 4892; x_wconf 86' lang='lat' dir='ltr'>id</span> <span class='ocrx_word' id='word_1_527' title='bbox 3994 4833 4107 4896; x_wconf 78' lang='lat' dir='ltr'>est,</span> 
     </span>
     <span class='ocr_line' id='line_1_46' title="bbox 1110 4902 4109 4984; baseline 0.004 -29"><span class='ocrx_word' id='word_1_528' title='bbox 1110 4917 1316 4958; x_wconf 84' lang='lat' dir='ltr'>amittit</span> <span class='ocrx_word' id='word_1_529' title='bbox 1352 4917 1433 4968; x_wconf 68' lang='lat' dir='ltr'>ius</span> <span class='ocrx_word' id='word_1_530' title='bbox 1469 4917 1636 4958; x_wconf 88' lang='lat' dir='ltr'>omne</span> <span class='ocrx_word' id='word_1_531' title='bbox 1673 4902 1739 4959; x_wconf 85' lang='lat' dir='ltr'>ad</span> <span class='ocrx_word' id='word_1_532' title='bbox 1775 4902 2134 4972; x_wconf 76' lang='lat' dir='ltr'>hereditatem</span> <span class='ocrx_word' id='word_1_533' title='bbox 2172 4905 2216 4964; x_wconf 87' lang='lat' dir='ltr'>is</span> <span class='ocrx_word' id='word_1_534' title='bbox 2245 4947 2263 4970; x_wconf 94' lang='lat'>,</span> <span class='ocrx_word' id='word_1_535' title='bbox 2316 4909 2408 4978; x_wconf 90' lang='lat' dir='ltr'>qui</span> <span class='ocrx_word' id='word_1_536' title='bbox 2448 4907 2550 4965; x_wconf 87' lang='lat' dir='ltr'>illo</span> <span class='ocrx_word' id='word_1_537' title='bbox 2652 4906 2815 4966; x_wconf 75' lang='lat' dir='ltr'>causis</span> <span class='ocrx_word' id='word_1_538' title='bbox 2845 4950 2862 4975; x_wconf 88' lang='lat'>‚</span> <span class='ocrx_word' id='word_1_539' title='bbox 2916 4915 3169 4980; x_wconf 78' lang='lat' dir='ltr'>ignorare</span> <span class='ocrx_word' id='word_1_540' title='bbox 3202 4932 3417 4970; x_wconf 81' lang='lat' dir='ltr'>omnem</span> <span class='ocrx_word' id='word_1_541' title='bbox 3451 4913 3602 4970; x_wconf 81' lang='lat' dir='ltr'><em>hanc</em></span> <span class='ocrx_word' id='word_1_542' title='bbox 3646 4923 3871 4984; x_wconf 77' lang='lat' dir='ltr'>partem</span> <span class='ocrx_word' id='word_1_543' title='bbox 3904 4912 4049 4980; x_wconf 70' lang='lat' dir='ltr'>juris</span> <span class='ocrx_word' id='word_1_544' title='bbox 4090 4945 4109 4968; x_wconf 72' lang='lat'><em>2</em></span> 
     </span>
     <span class='ocr_line' id='line_1_47' title="bbox 1111 4969 4105 5058; baseline 0.005 -32"><span class='ocrx_word' id='word_1_545' title='bbox 1111 4971 1432 5030; x_wconf 83' lang='lat' dir='ltr'>testamento</span> <span class='ocrx_word' id='word_1_546' title='bbox 1468 4969 1625 5053; x_wconf 27' lang='lat' dir='ltr'>heroes</span> <span class='ocrx_word' id='word_1_547' title='bbox 1663 4972 1832 5055; x_wconf 69' lang='lat' dir='ltr'>fuerat</span> <span class='ocrx_word' id='word_1_548' title='bbox 1869 4973 2177 5034; x_wconf 79' lang='lat' dir='ltr'>institutus:</span> <span class='ocrx_word' id='word_1_549' title='bbox 2222 4975 2363 5057; x_wconf 74' lang='lat' dir='ltr'>lilius</span> <span class='ocrx_word' id='word_1_550' title='bbox 2400 4980 2550 5037; x_wconf 82' lang='lat' dir='ltr'>enim</span> <span class='ocrx_word' id='word_1_551' title='bbox 2652 4978 2861 5038; x_wconf 84' lang='lat' dir='ltr'>scilicet</span> <span class='ocrx_word' id='word_1_552' title='bbox 2926 4981 2995 5038; x_wconf 88' lang='lat' dir='ltr'>de</span> <span class='ocrx_word' id='word_1_553' title='bbox 3031 5001 3131 5053; x_wconf 81' lang='lat' dir='ltr'>qua</span> <span class='ocrx_word' id='word_1_554' title='bbox 3168 4984 3399 5043; x_wconf 78' lang='lat' dir='ltr'>dubium</span> <span class='ocrx_word' id='word_1_555' title='bbox 3434 4983 3527 5056; x_wconf 76' lang='lat' dir='ltr'>effi·</span> <span class='ocrx_word' id='word_1_556' title='bbox 3562 5003 3669 5040; x_wconf 79' lang='lat' dir='ltr'>non</span> <span class='ocrx_word' id='word_1_557' title='bbox 3701 4978 3852 5058; x_wconf 77' lang='lat' dir='ltr'>poffit</span> <span class='ocrx_word' id='word_1_558' title='bbox 3888 5021 3907 5048; x_wconf 88' lang='lat'>‚</span> <span class='ocrx_word' id='word_1_559' title='bbox 3946 4985 4005 5036; x_wconf 74' lang='grc' dir='ltr'>δ(</span> <span class='ocrx_word' id='word_1_560' title='bbox 4044 4981 4105 5036; x_wconf 79' lang='lat' dir='ltr'>in</span> 
     </span>
     <span class='ocr_line' id='line_1_48' title="bbox 1097 5041 3740 5129; baseline 0.006 -33"><span class='ocrx_word' id='word_1_561' title='bbox 1097 5041 1430 5126; x_wconf 71' lang='lat' dir='ltr'>nascendo,</span> <span class='ocrx_word' id='word_1_562' title='bbox 1487 5063 1608 5117; x_wconf 84' lang='lat' dir='ltr'>quia</span> <span class='ocrx_word' id='word_1_563' title='bbox 1659 5066 1811 5105; x_wconf 88' lang='lat' dir='ltr'>inter</span> <span class='ocrx_word' id='word_1_564' title='bbox 1875 5067 2094 5118; x_wconf 81' lang='lat' dir='ltr'>agnatos</span> <span class='ocrx_word' id='word_1_565' title='bbox 2143 5067 2302 5129; x_wconf 71' lang='lat' dir='ltr'>prior</span> <span class='ocrx_word' id='word_1_566' title='bbox 2358 5049 2434 5106; x_wconf 88' lang='lat' dir='ltr'>est</span> <span class='ocrx_word' id='word_1_567' title='bbox 2492 5071 2549 5108; x_wconf 84' lang='lat' dir='ltr'>ac</span> <span class='ocrx_word' id='word_1_568' title='bbox 2650 5071 2750 5126; x_wconf 82' lang='lat' dir='ltr'>qua</span> <span class='ocrx_word' id='word_1_569' title='bbox 2784 5053 3005 5122; x_wconf 69' lang='lat' dir='ltr'>judicia</span> <span class='ocrx_word' id='word_1_570' title='bbox 3040 5055 3212 5115; x_wconf 72' lang='lat' dir='ltr'>nulla</span> <span class='ocrx_word' id='word_1_571' title='bbox 3238 5055 3408 5128; x_wconf 81' lang='lat' dir='ltr'>lunt.</span> <span class='ocrx_word' id='word_1_572' title='bbox 3452 5055 3698 5118; x_wconf 82' lang='lat' dir='ltr'>Pearcius</span> <span class='ocrx_word' id='word_1_573' title='bbox 3724 5094 3740 5112; x_wconf 86' lang='lat'><strong>.</strong></span> 
     </span>
     <span class='ocr_line' id='line_1_49' title="bbox 1089 5117 2535 5183; baseline 0.008 -13"><span class='ocrx_word' id='word_1_574' title='bbox 1089 5127 1280 5182; x_wconf 83' lang='lat' dir='ltr'>potior</span> <span class='ocrx_word' id='word_1_575' title='bbox 1306 5155 1325 5183; x_wconf 91' lang='lat'>,</span> <span class='ocrx_word' id='word_1_576' title='bbox 1365 5131 1446 5183; x_wconf 68' lang='lat' dir='ltr'>ius</span> <span class='ocrx_word' id='word_1_577' title='bbox 1480 5137 1647 5178; x_wconf 87' lang='lat' dir='ltr'>omne</span> <span class='ocrx_word' id='word_1_578' title='bbox 1685 5119 1750 5178; x_wconf 88' lang='lat' dir='ltr'>ad</span> <span class='ocrx_word' id='word_1_579' title='bbox 1788 5119 2163 5181; x_wconf 83' lang='lat' dir='ltr'>hereditatem</span> <span class='ocrx_word' id='word_1_580' title='bbox 2203 5118 2303 5180; x_wconf 84' lang='lat' dir='ltr'>sibi</span> <span class='ocrx_word' id='word_1_581' title='bbox 2344 5117 2535 5182; x_wconf 78' lang='lat' dir='ltr'>vindi-</span> 
     </span>
    </p>
   </div>
   <div class='ocr_carea' id='block_1_6' title="bbox 4259 64 4355 4331">
    <p class='ocr_par' dir='ltr' id='par_1_11' title="bbox 4259 64 4355 4331">
     <span class='ocr_line' id='line_1_50' title="bbox 4259 64 4355 4331; baseline 0 0"><span class='ocrx_word' id='word_1_582' title='bbox 4259 64 4355 4331; x_wconf 95' lang='lat' dir='ltr'> </span> 
     </span>
    </p>
   </div>
  </div>
 </body>
</html>
