4359 6321
955 465 1592 558 LIBER
1715 459 2533 562 PRIMUS.
3038 505 3257 598 17.

269 589 486 664 bitur‘:
537 587 608 658 δε
664 583 714 656 fi
768 583 862 654 ita
909 587 1210 673 dicetur,
1261 601 1336 660 ut
1385 605 1889 677 nonnunquam
1933 604 2028 653 ex
2074 607 2199 675 eo,
2248 587 2429 681 quod
2474 585 2733 658 distum
2782 583 2900 676 fit,
2948 593 3059 681 id,
3104 593 3281 688 quod

267 693 514 762 diatim
565 711 710 760 non
764 686 886 772 fit,
933 686 1393 777 intelligaturz
1441 689 1520 758 δε
1577 687 1634 756 fi
1679 705 1816 758 non
1867 689 2068 754 ruodo
2115 688 2185 756 id
2225 740 2247 777 ,
2298 692 2475 782 quod
2526 687 2743 780 obest,
2788 709 3029 760 verum
3078 700 3283 770 etiam

261 795 328 862 id
367 843 390 878 ,
439 789 616 882 quod
667 811 790 860 nec
838 784 1012 857 obest
1045 841 1068 876 ,
1115 809 1242 858 nec
1297 787 1572 868 adiuvat
1611 841 1636 876 ,
1701 785 2128 879 preteribitur
2167 813 2194 855 ε
2276 793 2347 861 δε
2404 793 2452 860 fi
2506 793 2705 862 semei
2760 794 3281 887 unumquodque

255 894 584 964 dicetur:
655 894 731 962 &
785 890 834 958 fi
887 911 1020 958 non
1077 887 1160 956 ab
1203 909 1288 957 eo
1327 943 1352 976 ,
1399 892 1476 958 in
1519 911 1662 982 quo
1709 891 2015 978 proxime
2059 889 2353 959 delitum
2400 897 2529 960 erit
2578 945 2603 980 ,
2664 893 2965 984 deinceps
3014 897 3281 986 incipie-

253 1011 406 1069 tur.
463 996 570 1061 Ac
610 993 874 1062 multos
921 990 1214 1059 imitatio
1259 990 1518 1080 decipit·
1555 991 1898 1060 brevitatis
1941 1045 1962 1079 ,
2013 1008 2086 1058 ut
2125 1043 2149 1080 ,
2190 1015 2361 1062 -cum
2415 991 2481 1062 se
2530 992 2757 1062 breves
2800 1013 3035 1084 putent
3080 999 3207 1066 effe
3256 1045 3282 1088 ,

207 1161 216 1168 ,
257 1093 614 1186 longiffimi
672 1093 798 1162 sint
837 1115 856 1158 ε
908 1113 1073 1164 cum
1121 1091 1282 1159 dent
1336 1112 1607 1182 operam
1643 1145 1668 1179 ,
1717 1112 1794 1162 ut
1849 1113 1954 1162 res
2003 1095 2259 1164 multas
2310 1094 2595 1163 breviter
2644 1097 2867 1162 dicant
2916 1151 2941 1186 ,
3015 1119 3151 1169 non
3197 1115 3278 1169 ut

257 1196 544 1266 omnino
591 1215 842 1284 paucas
893 1215 1006 1264 res
1053 1193 1322 1278 dicant,
1372 1195 1446 1264 &
1505 1213 1640 1263 non
1692 1191 1960 1282 plures,
2011 1216 2215 1286 quam
2268 1198 2511 1265 neceffe
2560 1196 2673 1264 sit.
2727 1199 2909 1266 Nam
2958 1199 3285 1291 pictisque

259 1295 544 1366 breviter
592 1295 808 1386 dicere
861 1296 1130 1364 videtur
1165 1347 1192 1382 ,
1229 1293 1376 1384 .qui
1425 1295 1516 1361 ita
1565 1293 1724 1363 dicit
1760 1316 1784 1361 ε
1857 1297 2110 1366 Acceffi
2163 1298 2245 1366 ad
2288 1297 2462 1370 aedes
2498 1351 2526 1385 ,
2595 1319 2879 1386 puerum
2926 1305 3207 1369 evocavi
3264 1326 3286 1370 x

257 1397 596 1487 respondit
630 1421 654 1464 ι
679 1397 972 1488 ”ι]ιικίίνί
1021 1396 1370 1464 dominum
1413 1421 1436 1464 ε
1501 1393 1682 1462 domi
1729 1400 2006 1486 negavit
2054 1397 2176 1465 effe
2208 1453 2231 1474 .
2306 1403 2441 1468 Hic
2508 1399 2763 1468 tametsi
2814 1415 2915 1468 tot
2982 1420 3087 1470 res
3142 1401 3285 1471 bre-

259 1501 418 1570 vius
469 1520 636 1576 non,
661 1499 876 1588 potuit
925 1498 1146 1566 dicere
1181 1549 1206 1586 ,
1257 1514 1484 1568 tamen
1520 1547 1546 1584 ,
1595 1497 1750 1587 quia
1795 1497 1953 1568 -satis
2005 1499 2134 1566 fuit
2183 1498 2413 1570 dixisse
2453 1553 2475 1588 ,
2526 1501 2736 1570 Domi
2780 1503 3051 1592 negavit
3098 1503 3221 1570 effe
3256 1551 3280 1590 ,

261 1600 348 1670 flt
399 1619 634 1668 rerum
681 1599 1108 1674 multitudine
1156 1603 1440 1692 longus.
1489 1603 1718 1684 Quare
1767 1599 1896 1670 boc
1947 1620 2213 1691 quoque
2264 1603 2334 1668 in
2386 1622 2629 1691 genere
2681 1603 2955 1671 vitanda
3002 1603 3095 1672 est
3140 1601 3283 1672 bre-

262 1701 509 1770 vitati-s
563 1700 840 1772 imitatio
874 1754 898 1790 ,
973 1705 1042 1772 &
1097 1725 1232 1772 non
1287 1703 1514 1772 minus
1564 1722 1796 1772 rerum
1849 1723 1990 1772 non
2038 1701 2547 1776 necessariarum
2584 1752 2607 1791 ,
2672 1723 2880 1794 quam
2931 1702 3287 1776 verborum

261 1799 700 1872 multitudine
750 1802 1296 1894 supersedendum
1331 1801 1462 1872 est-
1523 1861 1530 1866 .

364 1906 616 1988 Aperta
669 1920 892 1973 autem
949 1908 1238 1973 narratio
1290 1906 1524 1994 poterit
1574 1903 1734 1995 effe,
1784 1905 1834 1976 fi
1879 1954 1903 1990 ,
1954 1921 2029 1974 ut
2080 1906 2369 1998 quidque
2420 1906 2717 1994 primum
2766 1908 3027 1998 gestum
3078 1908 3207 1975 erit
3256 1951 3281 1995 ,

267 2001 360 2071 ita
413 2002 722 2086 primum
769 2019 1178 2088 exponetur,
1229 2007 1300 2072 δι
1355 2025 1580 2072 rerum
1631 2027 1706 2074 ac
1762 2021 2140 2092 temporum
2190 2009 2353 2076 ordo
2406 2006 2807 2094 servabitur,
2858 2025 2934 2078 nt
2984 2009 3077 2075 ita
3132 2027 3282 2075 nar-

259 2115 506 2168 rentur
545 2147 568 2183 ,
623 2114 696 2164 ut
747 2098 937 2186 geste
987 2119 1093 2165 res
1145 2117 1340 2166 erunt
1377 2150 1402 2182 ,
1449 2119 1560 2166 aut
1609 2119 1684 2172 ut
1739 2106 2004 2192 potuisse
2051 2107 2202 2193 geri
2252 2106 2647 2182 videbuntur
2688 2153 2713 2176 .
2768 2109 2902 2178 Hic
2943 2110 3077 2176 erit
3124 2129 3285 2176 con-

263 2197 700 2269 siderandum
739 2248 762 2282 ,
831 2219 920 2266 ne
987 2198 1144 2286 quid
1193 2196 1569 2287 perturbate
1599 2249 1627 2284 ,
1694 2220 1778 2266 ne
1844 2203 2004 2288 quid
2053 2219 2359 2271 contorte
2410 2208 2671 2278 dicatur
2724 2261 2749 2292 ,
2816 2229 2903 2276 ne
2950 2227 3157 2299 quam
3208 2208 3283 2275 in

261 2301 476 2370 aiiam
521 2319 670 2368 rem
718 2297 1090 2368 transeatur
1125 2349 1150 2382 ,
1199 2321 1287 2366 ne
1336 2295 1420 2365 ab
1470 2296 1714 2365 ultimo
1761 2314 2132 2386 repetatur,
2186 2321 2271 2367 ne
2316 2304 2407 2368 ad
2454 2319 2837 2374 extremum
2883 2311 3287 2396 prodeatur,

265 2423 362 2474 ne
409 2401 570 2491 quid
605 2449 630 2486 ,
675 2399 852 2492 quod
899 2397 988 2466 ad
1045 2415 1188 2467 rem
1235 2397 1558 2486 pertineat
1601 2447 1624 2482 ,
1695 2413 2124 2482 preter-eatur
2155 2425 2187 2462 z
2258 2403 2333 2468 δε
2388 2405 2669 2472 omnino
2700 2457 2727 2490 ,
2778 2427 2919 2494 qua:
2972 2423 3287 2496 precepta

261 2501 358 2574 de
410 2501 716 2572 brevitate
767 2501 926 2575 fimt
961 2551 990 2587 ,
1034 2499 1166 2570 hoc
1217 2517 1480 2588 quoque
1531 2499 1602 2564 in
1657 2515 1898 2586 genere
1952 2492 2100 2562 sunt
2146 2497 2655 2568 constrvanda„
2728 2510 2909 2570 Nam
2963 2505 3122 2594 saepe
3174 2527 3286 2576 res

263 2621 516 2696 parum
553 2602 660 2672 est
711 2601 1050 2671 intellecta
1101 2599 1518 2688 longitudine
1567 2599 1786 2688 magis
1827 2649 1848 2684 ‚
1920 2618 2126 2685 quam
2197 2596 2589 2670 obscuritate
2642 2605 3037 2673 narrationis
3084 2649 3109 2672 .
3178 2613 3285 2676 Ac

262 2704 494 2774 &erbis
541 2723 808 2792 quoque
847 2699 1162 2774 dilucidis
1210 2697 1532 2770 utendum
1581 2697 1674 2766 est
1693 2723 1716 2762 .·
1771 2717 1908 2790 quo
1956 2697 2042 2768 de
2085 2710 2333 2790 genere
2368 2699 2747 2774 dicendum
2786 2705 2879 2776 est
2925 2706 2999 2774 in
3046 2725 3286 2796 praece·

263 2805 410 2898 ptis
457 2802 888 2872 elocutionis.

377 2906 564 2975 XXI.
619 2899 980 2978 Probabilis
1027 2905 1155 2976 enit
1205 2907 1560 2993 narratio,
1625 2903 1678 2974 fi
1729 2907 1800 2974 in
1831 2924 1924 2972 ea
1975 2903 2375 2974 videbuntur
2418 2905 2617 2974 ineffe
2660 2928 2747 2975 ca
2777 2957 2809 2993 ,
2869 2927 3021 2996 quae
3074 2905 3285 2976 solent

263 3025 590 3098 ‚apparere
635 3007 710 3074 in
767 3009 1042 3078 veritate
1073 3031 1098 3072 .-
1177 3006 1226 3076 fi
1268 3007 1702 3098 personarum
1753 3005 2120 3098 dignitates
2173 3003 2611 3080 servabuntur
2650 3035 2673 3095 3
2720 3009 2769 3076 fi
2820 3007 3025 3078 causae
3085 3009 3289 3079 fatto-

255 3129 438 3182 sum
479 3103 870 3199 exstabunt3
927 3111 976 3179 si
1025 3108 1214 3183 fuiffe
1263 3110 1616 3179 facultates
1665 3107 1962 3181 faciundi
2017 3106 2457 3199 videbuntur3
2510 3107 2559 3177 fi
2605 3126 2871 3201 tempus
2920 3105 3275 3201 idoneum3

269 3210 328 3277 fi
387 3209 572 3296 spatii
619 3208 772 3276 satis
797 3237 830 3293 ,-
889 3210 944 3277 fi
993 3214 1186 3281 locus
1235 3226 1644 3307 opportunus
1691 3210 1776 3281 ad
1825 3212 2112 3281 eandem
2163 3233 2351 3297 rem,
2400 3230 2537 3303 qua
2585 3209 2669 3280 de
2716 3233 2791 3279 re
2842 3208 3213 3279 narrabitur
3264 3258 3292 3297 ,

269 3306 472 3377 fuiffe
521 3303 956 3393 ostendetur3
1005 3309 1054 3375 fi
1105 3329 1209 3375 res
1261 3314 1334 3379 ar.
1389 3312 1472 3378 ad
1520 3334 1751 3382 eorum
1789 3362 1816 3397 ,
1883 3314 2000 3403 qui
2051 3330 2267 3402 agunt
2304 3364 2329 3397 ,
2378 3328 2696 3379 naturam
2734 3362 2761 3395 ,
2828 3315 2895 3381 &
2956 3310 3037 3376 ad
3092 3314 3289 3401 vulgi

265 3411 398 3499 (⁴⁸)
449 3427 788 3475 rumorem
827 3461 850 3495 ‚
897 3410 978 3479 ὃ(
1035 3408 1118 3475 ad
1170 3426 1404 3485 eorum
1440 3462 1466 3497 a,
1511 3414 1628 3500 qui
1677 3412 1956 3479 audiunt
1974 3462 1994 3496 ,
2053 3411 2437 3497 opinionem
2488 3404 3129 3474 accommodabitur.
3184 3414 3291 3477 Ac

261 3511 426 3601 ‚veri
481 3510 752 3599 quidem
805 3510 1040 3581 fimi-lis
1089 3531 1178 3577 ex
1230 3509 1338 3577 his
1389 3509 1754 3577 rationibus
1801 3509 1924 3575 effe
1973 3507 2253 3591 poterit.

383 3610 568 3682 Illud
615 3628 847 3679 autem
895 3628 1206 3697 praeterea
1259 3606 1670 3675 considerare
1719 3602 2028 3693 oportebit
2076 3656 2097 3691 ,
2151 3624 2237 3671 ne
2274 3654 2297 3688 ,
2344 3617 2460 3669 aut
2508 3620 2667 3671 cum
2714 3600 2875 3674 obfit
2918 3606 3211 3671 narratio
3258 3654 3283 3692 ,

269 3727 402 3781 aut
450 3730 616 3779 cum
661 3706 836 3775 nibil
887 3710 1090 3797 profit
1141 3761 1166 3794 ,
1211 3724 1377 3773 tunc
1429 3708 1928 3790 interponatur:
1979 3719 2092 3767 aut
2133 3723 2275 3767 non
2328 3702 2530 3785 loce,
2584 3716 2699 3769 aut
2748 3722 2929 3787 non,
2976 3708 3297 3794 quemad»

271 3800 815 3883 modum'causa
863 3807 1143 3894 postulat
1179 3858 1204 3893 ,
1253 3818 1564 3874 narretur
1601 3850 1618 3869 .
1691 3800 1891 3869 obest
1937 3818 2084 3869 tum
2122 3852 2150 3886 ,
2200 3820 2362 3869 eum
2414 3800 2609 3889 ipfius
2658 3804 2749 3871 rei
2802 3801 2993 3891 gest-e
3048 3806 3297 3893 expeti.

269 3914 378 3981 tio
427 3927 744 3999 magnam
794 3906 1042 3997 excipit
1088 3902 1512 3975 offenfionem
1547 3957 1570 3993 ,
1638 3924 1844 3993 quam
1895 3902 2429 3992 argumentando
2476 3954 2501 3987 ,
2570 3905 2641 3973 dt
2697 3901 2969 3973 causam
3040 3904 3299 3995 agendo

269 4012 476 4082 leniri
523 4006 878 4099 oportebit.
933 4007 1134 4093 Qod
1185 4028 1348 4077 cum
1398 4006 1711 4075 acciderit
1750 4057 1772 4090 ,
1833 4004 2261 4075 membratim
2302 4001 2637 4125 ppottebit
2686 4020 2907 4091 partes
2960 4009 3049 4075 rei
3105 4006 3293 4097 gestae

267 4113 656 4202 dispergere
705 4112 776 4179 in
827 4108 1096 4179 causam
1117 4162 1138 4197 ,
1193 4112 1266 4179 δι
1323 4108 1406 4176 ad
1457 4128 2002 4199 unamquamque
2043 4104 2397 4177 confestim
2446 4108 2771 4179 rationem
2822 4107 3291 4177 accommoda-

269 4236 352 4285 re
389 4268 412 4301 ,
461 4230 539 4281 ut
591 4212 852 4282 vulneri
907 4210 1132 4303 praesto
1183 4212 1750 4281 medicamentum
1799 4210 1918 4296 fit,
1973 4210 2045 4281 δι
2097 4210 2325 4277 odium
2378 4206 2933 4279 statim-defenfio
2985 4208 3289 4299 mitiget.

271 4316 472 4385 Nihil
525 4316 782 4405 prodest
829 4316 1118 4389 narratio
1163 4327 1375 4400 tunc,
1423 4334 1582 4381 curn
1635 4312 1716 4381 ab
1763 4309 2152 4381 adversariis
2206 4330 2277 4377 re
2329 4310 2669 4398 exposita,
2720 4308 2933 4399 nostra
2980 4310 3147 4379 nihii
3198 4312 3298 4379 in·

273 4414 476 4487 terest
513 4418 756 4486 iterum
779 4470 804 4504 ,
853 4434 972 4485 aut
1016 4414 1146 4483 alio
1165 4413 1366 4481 modo
1400 4432 1702 4485 narraret
1755 4422 1871 4487 aut
1901 4432 2062 4481 cum
2103 4411 2185 4477 ab
2220 4409 2344 4497 iis·,
2392 4414 2511 4501 qui
2546 4410 2870 4497 audiunt,
2922 4412 3011 4481 ita
3040 4426 3299 4482 tenetur

279 4520 674 4606 negotium,
729 4535 804 4589 ut
843 4518 1068 4587 nostra
1105 4516 1272 4585 nihil
1313 4516 1606 4602 intersit,
1653 4536 1764 4584 eos
1799 4515 1932 4583 alio
1982 4512 2170 4603 pasto
2215 4515 2485 4581 docere.
2538 4512 2735 4598 Qiod
2776 4532 2935 4583 cum
2953 4513 3303 4602 acciderit,

279 4622 570 4687 omnino
603 4620 991 4690 narratione
1029 4616 1580 4707 supersedendum
1631 4618 1760 4688 est.
1815 4622 1966 4687 Non
2021 4616 2166 4685 loco
2200 4612 2481 4699 dicitur,
2528 4616 2811 4722 cumssin
2828 4636 2909 4684 ea
2930 4633 3113 4707 parte
3146 4632 3295 4683 ora·

269 4722 928 4808 tioniscollocatur,
977 4726 1048 4792 in
1086 4741 1219 4811 qua
1237 4742 1341 4791 res
1359 4722 1680 4813 postulat:
1730 4718 1958 4815 quode
1977 4738 2220 4809 genere
2258 4736 2537 4806 agemus
2561 4732 2751 4802 tum,
2801 4738 2963 4785 cum
2982 4718 3065 4787 de
3085 4709 3299 4803 dispo-

285 4820 548 4983 sitione}
540 4824 834 4894 dicemus
851 4850 875 4913 3
911 4844 1074 4893 nam
1091 4822 1217 4892 hoc
1237 4824 1322 4893 ad
1357 4824 1840 4916 dispositionem
1854 4822 2138 4911 pertinet
2159 4870 2176 4889 .
2200 4821 2359 4993 Nog
2380 4816 2945 4911 quemadmodum
2964 4812 3163 4979 carga
3182 4834 3299 4901 po·

551 4946 682 4991 omo
733 4934 788 4999 1.
3054 4956 3061 4965 ·
3122 4934 3201 4981 u·

311 5052 3281 5145 w

375 5184 491 5254 (⁴¹)
525 5192 866 5265 Rummm)
899 5194 1088 5259 lamb·
1123 5208 1364 5251 morem.

3608 4629 3777 4679 210„-
