4359 6321
909 404 1526 505 LIBER
1655 408 2445 512 PRIMUS.
2902 456 3076 553 135·

223 538 336 606 Est
387 537 561 604 enim
623 532 759 601 fine
814 534 1018 601 dubio
1059 534 1302 601 domus
1356 532 1797 612 iurisconsulti
1836 586 1857 619 ,
1929 542 2134 607 totius
2184 541 2541 609 oraculum
2588 537 2872 611 civitatis
2910 587 2927 609 .
3002 550 3215 617 Testis

215 641 315 709 est
359 635 636 717 huiusce
687 638 780 719 Q
829 634 1038 703 Mucii
1115 635 1312 713 janua
1367 638 1438 705 ὅ(
1535 636 1928 705 vestibulum
1964 688 1987 724 ,
2061 640 2238 729 quod
2288 640 2359 709 in
2408 645 2553 723 ejus
2604 644 3041 714 infirmiffima
3095 666 3211 717 va.

213 742 559 827 letudine,
611 736 970 826 affectaque
1021 735 1157 813 iam
1207 754 1440 823 aetate,
1483 740 1781 811 maxima
1831 740 2120 828 quotidie
2175 740 2547 832 frequentia
2586 748 2881 837 civium,
2930 762 3009 819 ac
3032 745 3221 823 sulm,

215 860 500 910 morum
553 836 906 907 hominum
963 836 1304 927 splendore
1351 838 1764 908 celebratur.

323 944 574 1011 XLVI.
627 942 779 1021 Jam
839 958 1000 1006 vero
1050 936 1168 1010 illa
1223 956 1356 1007 non
1404 940 1685 1031 longam
1739 942 2110 1013 orationem
2155 942 2565 1035 desiderent,
2616 948 3212 1040 qmmobremexi-

211 1047 475 1113 stimem
529 1042 790 1134 publica
841 1058 1110 1131 quoque
1161 1042 1350 1125 jura,
1403 1062 1546 1131 quae
1599 1039 1752 1111 sunt
1809 1045 2065 1137 propria
2115 1045 2412 1113 civitatis
2462 1064 2661 1138 atque
2713 1052 3015 1142 imperii,
3064 1070 3214 1121 tum

212 1160 654 1216 monumenta
707 1161 938 1211 rerum
987 1140 1361 1232 gestarum,
1415 1144 1487 1211 ει
1545 1144 1878 1213 vetustoetis
1927 1146 2276 1234 exempla,
2322 1151 2575 1217 oratori
2627 1166 2781 1218 nota
2828 1150 2971 1219 esse
3020 1153 3217 1221 debe-

213 1270 324 1317 re.
377 1248 558 1315 Nam
611 1262 684 1315 ut
762 1246 831 1310 in
900 1260 1130 1311 rerum
1199 1244 1620 1333 privatarum
1671 1248 1886 1317 causa
1951 1266 2148 1337 atque
2218 1246 2475 1324 iudicii!
2540 1247 2979 1339 depromenda
3056 1250 3215 1341 saepe

211 1350 428 1418 oratio
479 1346 574 1418 est
621 1368 706 1415 ex
761 1347 905 1425 jure
955 1345 1187 1431 civili,
1243 1348 1313 1416 &
1369 1344 1657 1436 idcirc0,
1705 1366 1780 1417 ut
1834 1367 1990 1419 ante
2042 1348 2337 1417 diximus
2379 1400 2401 1435 ,
2468 1355 2707 1420 oratori
2756 1352 2922 1431 juris
2992 1355 3211 1421 civilis

213 1453 486 1531 scientia
541 1446 900 1517 necessaria
947 1446 1080 1513 est:
1136 1447 1222 1515 sic
1276 1448 1348 1515 in
1397 1448 1615 1518 caulis
1665 1449 1944 1537 publicis
1995 1448 2397 1529 iudiciorum
2432 1500 2453 1535 ‚
2498 1454 2911 1523 concionum
2948 1504 2969 1539 ,
3024 1452 3219 1521 sena-

211 1574 364 1637 tus,
413 1552 632 1617 omnis
681 1548 816 1617 haee
869 1550 938 1617 &
997 1549 1422 1640 antiquitatis
1465 1552 1788 1619 memoria
1821 1602 1842 1639 ,
1895 1554 1965 1622 δε
2021 1548 2273 1639 publici
2320 1550 2488 1629 iuris
2543 1552 2941 1641 auctoritas,
2995 1558 3065 1624 δι
3110 1574 3211 1624 re·

215 1657 447 1746 gendae
497 1648 857 1742 reipublicae
911 1652 1076 1716 ratio
1132 1671 1206 1719 ae
1265 1648 1573 1738 scientia,
1629 1670 1948 1744 tanquam
1999 1652 2220 1743 aliqua
2270 1654 2618 1741 materies,
2670 1656 2752 1723 iis
2800 1654 3218 1742 oratoribus,

216 1758 333 1844 qui
385 1752 730 1822 versantur
787 1756 855 1817 in
907 1750 1278 1840 republica,
1337 1752 1620 1831 subieci-,a
1668 1752 1806 1822 esse
1857 1752 2132 1823 debent.
2184 1756 2343 1823 Non
2392 1756 2576 1823 enim
2628 1756 3045 1825 caulidicum
3096 1773 3209 1824 ne-

221 1858 356 1923 scio
410 1872 608 1941 quem
650 1902 672 1935 ,
741 1872 950 1938 neque
1001 1852 1557 1939 proclamatorem
1598 1906 1618 1939 ‚
1687 1870 1802 1922 aut
1851 1854 2156 1922 rabulam
2222 1856 2352 1924 hoc
2405 1854 2705 1927 sermone
2757 1856 2983 1927 nostro
3052 1872 3209 1925 oon·-

216 1954 592 2047 quirimu3‚
647 1948 753 2018 sed
801 1968 956 2019 eum
1011 1950 1236 2015 virum
1275 2002 1295 2032 ‚
1363 1952 1478 2040 qui
1533 1955 1826 2040 primum
1879 1954 1954 2021 fit
2003 1956 2146 2033 eiu¹s
2200 1958 2359 2022 artis
2408 1958 2677 2027 antistes
2710 2010 2737 2045 ,
2800 1961 3001 2039 cujus
3050 1976 3213 2027 cum

215 2054 354 2144 ipsa
411 2070 642 2118 natura
697 2070 1017 2139 magnam
1062 2050 1324 2115 homini
1379 2050 1776 2121 facultatem
1825 2053 2018 2119 daret
2056 2104 2078 2139 ,
2141 2072 2368 2123 tamen
2414 2056 2553 2123 esse
2623 2058 2791 2130 deus
2862 2076 3130 2149 putatur
3187 2083 3211 2143 ‚-

214 2174 292 2223 ut
345 2156 415 2224 &
480 2152 740 2242 ipsum,
793 2152 966 2241 quod
1019 2167 1157 2217 erat
1211 2151 1500 2219 hominis
1553 2155 1903 2241 proprium
1944 2204 1966 2239 ,
2021 2170 2155 2220 non
2214 2170 2486 2245 partum
2538 2176 2647 2244 pet
2702 2180 2829 2225 nos
2866 2210 2887 2243 ‚
2958 2158 3067 2227 sed
3116 2158 3219 2223 di-

214 2258 472 2323 vinitus
545 2253 628 2320 ad
699 2274 824 2319 nos
892 2252 1190 2323 delatum
1271 2252 1655 2320 videretur:
1727 2252 1963 2321 deinde
2031 2255 2146 2343 qui
2216 2255 2397 2343 poffit
2466 2277 2601 2325 uon
2699 2272 2844 2325 tam
2918 2258 3221 2325 caduceo·

215 2360 488 2445 (88),
555 2375 758 2445 quam
809 2355 1083 2421 nomine
1153 2354 1432 2419 oratoris
1501 2370 1782 2425 ornatus
1821 2405 1842 2438 ,
1909 2355 2271 2423 incolumis
2326 2356 2433 2424 vel
2504 2358 2676 2425 inter
2744 2356 3025 2425 hostium
3070 2358 3217 2425 tela

213 2456 536 2527 versari:
591 2474 738 2523 rum
791 2457 906 2546 qui
957 2450 1174 2523 scelus
1211 2504 1232 2539 ‚
1287 2452 1716 2544 fraudemque
1769 2456 2066 2523 nocentis
2117 2454 2300 2543 poffit
2348 2456 2639 2526 dicendo
2694 2454 3007 2535 subjicere
3066 2457 3218 2525 odio

208 2560 470 2627 civium
517 2609 538 2643 ,
596 2557 1038 2647 supplicioque
1089 2554 1532 2645 constringere
1568 2580 1590 2618 :
1666 2554 1976 2645 idemque
2030 2557 2285 2645 ingenii
2338 2558 2637 2645 praefidio
2674 2610 2696 2645 ,
2768 2559 3216 2625 innocentiam

213 2660 633 2739 iudiciorum
683 2678 884 2748 poena
937 2658 1216 2725 liberare
1258 2682 1273 2721 ε
1347 2656 1659 2746 idemque
1736 2657 2164 2743 languentem
2217 2655 2677 2749 labentemque
2727 2660 3045 2747 populum
3102 2674 3217 2724 aut

206 2764 294 2827 ad
347 2764 554 2829 decus
600 2761 936 2845 excitare,
989 2778 1104 2827 aut
1161 2756 1239 2822 ab
1288 2776 1507 2825 errore
1558 2758 1872 2825 deducere
1911 2810 1933 2842 ‚
2005 2774 2120 2825 aut
2196 2756 2622 2827 inflammare
2671 2760 2739 2825 in
2811 2756 3143 2849 improbos
3192 2805 3219 2844 ‚

207 2880 332 2930 aut
384 2864 730 2933 incitatum
783 2862 850 2929 in
906 2861 1152 2944 bonos,
1203 2860 1510 2947 mitigare
1551 2884 1566 2924 ε
1623 2862 1739 2949 qui
1793 2858 2118 2949 denique,
2169 2877 2667 2954 quemcumque
2716 2860 2783 2926 in
2838 2860 3080 2928 animis
3100 2858 3217 2927 ho·

199 2966 482 3029 minum
533 2982 796 3030 motum
853 2983 957 3031 res
1033 2964 1104 3030 &c
1166 2959 1363 3027 causa
1423 2958 1698 3048 postulet
1739 3012 1760 3045 ‚
1833 2980 1993 3027 eum
2053 2958 2331 3031 dicendo
2388 2962 2493 3032 vel
2568 2963 2867 3031 excitare
2944 2961 3131 3051 poffit
3181 3010 3210 3047 ,

201 3066 328 3127 vel
394 3062 652 3128 sedare.

325 3165 522 3229 Hanc
577 3163 720 3226 vim
771 3162 818 3227 fi
873 3162 1018 3248 quis
1065 3159 1392 3226 existimat
1433 3211 1454 3246 ,
1517 3179 1634 3230 aut
1689 3160 1770 3228 ab
1819 3165 1896 3230 iis
1935 3215 1956 3248 ‚
2025 3167 2138 3252 qui
2190 3163 2275 3230 de
2326 3165 2585 3233 dicendi
2636 3163 2895 3230 ratione
2950 3158 3216 3251 scripse·

201 3277 422 3350 runt,
473 3259 838 3350 expositam
889 3261 1053 3345 effe,
1101 3278 1214 3327 aut
1265 3277 1303 3321 a
1358 3277 1463 3325 me
1515 3263 1680 3348 poffe
1731 3265 1976 3348 exponi
2022 3278 2160 3329 tam
2211 3259 2389 3328 brevi
2430 3315 2450 3347 ,
2502 3264 2931 3328 vehementer
2982 3279 3213 3326 errat:

195 3383 438 3452 neque
489 3362 704 3432 folum
757 3359 1170 3427 inscientiam
1225 3377 1445 3422 meam
1487 3411 1507 3443 ‚
1578 3359 1689 3426 fed
1743 3381 1826 3426 ne
1881 3377 2106 3426 rerum
2157 3355 2427 3447 quidem
2498 3357 3029 3449 magnitudinem
3082 3377 3222 3444 per-

193 3464 438 3554 spicit.
497 3465 822 3554 Equidem
879 3459 1059 3528 vobis
1097 3511 1118 3546 ,
1169 3460 1488 3548 quoniam
1539 3461 1628 3525 ita
1685 3457 1980 3526 voluistis
2019 3511 2042 3544 ,
2092 3459 2311 3526 fontes
2348 3512 2368 3545 ‚
2422 3459 2601 3526 unde
2648 3456 3001 3524 hauriretis
3047 3503 3069 3540 ,
3118 3473 3215 3522 at-

187 3587 338 3656 que
396 3569 636 3634 itinera
691 3564 822 3653 ipsa
878 3563 1104 3649 putavi
1157 3560 1280 3627 effe
1334 3557 1827 3626 demonstranda
1865 3613 1884 3645 ,
1957 3579 2088 3627 non
2141 3573 2217 3626 ut
2268 3559 2400 3648 ipse
2450 3559 2589 3626 dux
2645 3560 2839 3625 effem
2886 3609 2913 3642 ,
2983 3555 3227 3644 (quod.

183 3674 269 3739 &
339 3666 696 3736 infinitum
747 3665 881 3748 est,
935 3665 1005 3731 &
1066 3683 1198 3728 non
1249 3661 1734 3745 necess'arium)
1792 3657 1895 3725 sed
1947 3681 2020 3726 ut
2061 3659 2651 3728 commonstrarem
2688 3673 2957 3725 tantum
3000 3655 3219 3746 viam,

188 3771 270 3840 &
305 3821 332 3854 ,
392 3786 466 3835 ut
523 3768 663 3833 fieri
718 3765 872 3832 solet
915 3815 934 3847 ,
985 3761 1270 3851 digitum
1321 3761 1402 3828 ad
1461 3762 1672 3826 fontes
1723 3759 2178 3826 intenderem„

309 3871 606 3936 XLVII.
664 3866 829 3932 Mihi
889 3883 1078 3948 vei-0,
1131 3863 1342 3949 inquit
1396 3861 1702 3944 MucihS‚
1759 3859 1911 3925 satis
1964 3858 2283 3950 superque
2338 3857 2449 3928 abs
2500 3875 2565 3926 te
2621 3855 2885 3926 videtur
2937 3857 3219 3925 istorum

187 3967 495 4054 studiis,
551 3969 593 4037 fi
649 3969 846 4034 modo
899 3963 1048 4030 sunt
1101 3961 1362 4030 studiosi
1405 4017 1426 4050 ,
1474 3964 1594 4030 effe
1649 3961 1943 4029 sactum.
2005 3963 2185 4028 Nam
2232 4013 2250 4048 ,
2298 3979 2373 4028 ut
2422 3967 2759 4028 socratem
2816 3959 3009 4025 illum
3070 3958 3215 4026 soli-

185 4091 360 4141 tum
417 4069 610 4148 aiunt
661 4067 878 4135 dicere
915 4119 937 4151 ‚
1005 4064 1369 4153 perfectum
1425 4063 1537 4130 fibi
1589 4083 1752 4151 opus
1799 4061 1936 4129 esse
1974 4113 1995 4146 ,
2069 4062 2115 4128 fi
2184 4064 2329 4152 quis
2401 4057 2554 4129 satis
2622 4059 2785 4129 esset
2838 4063 3211 4129 concitatus

187 4172 664 4243 cohortatione
719 4171 835 4235 sua
905 4165 990 4234 ad
1063 4166 1347 4233 studium
1415 4161 1885 4253 cognoscendae
1954 4163 2517 4253 percipiendaeque
2572 4163 2838 4230 virtutis
2880 4184 2906 4223 .·
2979 4159 3215 4251 quibus

186 4278 395 4345 enim
449 4273 516 4339 id
569 4267 948 4360 persuasum
997 4266 1202 4352 esset,
1255 4287 1328 4334 ut
1392 4267 1576 4333 nihil
1633 4266 1913 4336 mallent
1969 4261 2036 4330 se
2085 4263 2223 4332 esse
2264 4317 2289 4351 ,
2340 4279 2544 4354 quam
2596 4259 2801 4332 bonos
2852 4263 3035 4329 viros
3073 4315 3093 4348 ,
3142 4263 3223 4328 iis

2971 4367 3118 4431 reli·

219 4559 3216 4640 Μ

263 4733 296 4793 (
321 4732 450 4792 88)
491 4727 782 4790 caduceo)
821 4725 1099 4785 Caduceus
1136 4743 1251 4784 erat
1292 4722 1446 4793 virga
1473 4764 1489 4789 ,
1521 4741 1676 4795 quem
1790 4718 1933 4787 lam,
1970 4715 2183 4799 insigne
2222 4715 2401 4798 pacis,
2432 4713 2729 4796 gestabant,
2770 4729 2926 4770 erant
2960 4713 3077 4777 jure
3094 4721 3229 4775 gen-

181 4797 436 4856 feciales
477 4798 773 4868 gerebant,
807 4815 928 4856 cum
963 4798 1030 4856 ad
1071 4796 1248 4855 hostes
1283 4798 1670 4854 Romanorum
1787 4791 1926 4849 tium
1964 4790 2303 4871 ubique-tuti
2338 4793 2395 4844 δε
2436 4787 2763 4868 incolumes„
2804 4785 2943 4840 Hoec
2982 4777 3061 4836 est
3096 4792 3226 4845 por·

179 4871 616 4934 mitterentur,
656 4865 742 4924 seu
757 4867 888 4926 belli
911 4911 929 4936 ,
961 4867 1052 4926 seu
1091 4869 1232 4941 pacis
1249 4864 1398 4924 causa
1417 4887 1440 4930 ς
1477 4883 1660 4937 quamn
1781 4883 1847 4920 m
1884 4860 2046 4931 hujus
2085 4862 2193 4919 loci
2230 4858 2537 4918 sententia:
2578 4857 2789 4934 Orator
2828 4870 2947 4906 non
2980 4863 3089 4926 tam
3104 4861 3225 4900 ora-

176 4963 300 5018 que
346 4959 474 5014 prae
511 4937 568 4998 se
623 4936 856 5000 fetentes
879 4981 896 5006 ‚
949 4939 1084 5008 sacri
1122 4945 1178 4998 &
1217 4938 1342 4996 ideo
1379 4957 1494 4995 non
1537 4941 1666 4997 vio-
1776 4935 1910 4992 toris
1949 4931 2183 5006 persona
2276 4947 2435 5002 quam
2462 4943 2739 4987 orationis
2786 4921 3103 4980 auaontatc
3142 4932 3231 4972 tu·

178 5015 355 5076 iandi
399 5012 734 5088 putabantur
767 5053 782 5070 .
832 5018 1084 5072 Pearcius
1120 5052 1137 5067 .
1189 5009 1304 5082 Qui
1341 5011 1551 5080 virgam
1589 5009 1658 5068 il·
1773 5025 1858 5066 tus
1906 5003 1972 5064 sit
1997 5043 2014 5062 .
2053 5013 2162 5062 eru
2213 5020 2341 5059 ms.
