4359 6321
1307 560 1314 571 .
1677 550 1681 553 -
1979 491 2051 577 Ο
2171 486 2260 581 R
2386 480 2499 575 A
2610 478 2704 573 T
2815 481 2895 567 0
3002 476 3159 572 R.

1091 495 1444 683 ambffiygn
1483 664 1506 700 ,
1571 610 1650 679 in
1701 620 1945 681 neutro
1993 607 2329 677 excellens
2367 654 2388 690 ,
2436 601 2776 693 utriusque
2822 604 3147 691 particeps
3183 620 3213 685 ‚-
3264 590 3374 665 vel
3426 590 3787 687 utriusque,
3818 607 3855 691 (
3884 596 3931 672 fi
3976 624 4085 677 ve-

1093 732 1252 781 rum
1319 714 1682 806 quaetimus
1721 719 1752 794 j
1821 712 2034 802 potius
2080 728 2315 797 expers
2351 754 2369 773 .
2445 704 2640 797 Isque
2709 725 2849 773 uno
2900 720 3125 771 tenore
3162 749 3187 786 ,
3258 716 3335 766 ut
3384 698 3582 775 aiunt
3623 750 3650 784 7,
3698 697 3771 765 in
3820 701 4083 777 dicendo

1091 812 1292 900 fluit,
1341 814 1508 883 nihil
1559 810 1834 887 afferens
1884 828 2114 903 praeter
2169 808 2559 878 facilitatem
2614 808 2684 877 δε
2740 802 3289 896 aequabilitatem:
3348 815 3462 867 aut
3513 796 3707 866 addit
3758 802 4005 895 aliquos
4052 866 4077 904 ,

1091 929 1166 981 ut
1220 914 1290 979 in
1342 933 1626 1000 cotona,
1665 930 1850 983 «toros
1895 930 2042 1007 (rr
2079 922 2150 999 ),
2198 928 2609 1000 omnemque
2659 907 3028 973 orationem
3078 899 3494 968 ornamentis
3537 898 3813 971 modicis
3862 910 4085 979 verbo-

1089 1032 1294 1099 rum,
1349 1012 1947 1107 sententiarumque
2017 1010 2360 1101 distinguit
2402 1058 2419 1075 .
2492 1012 2759 1076 Horum
2835 1002 3251 1093 singulorum
3299 1020 3629 1092 generum
3680 1006 4083 1101 quicumque

1091 1114 1240 1183 vim
1293 1113 1568 1207 singulis
1615 1116 1945 1187 consecuti
1997 1113 2190 1201 spat,
2249 1130 2577 1202 magnum
2629 1108 2701 1174 in
2750 1101 3127 1177 oratoribus
3182 1122 3433 1173 nomen
3478 1102 3859 1176 habuerunt
3896 1158 3915 1178 .
3964 1115 4085 1185 Sed

1095 1216 1521 1304 quaerendum
1576 1216 1671 1284 est
1683 1271 1708 1305 ,
1762 1217 1993 1287 satisne
2043 1214 2152 1300 id,
2204 1211 2380 1305 quod
2435 1212 2795 1295 volumus,
2844 1205 3223 1275 effecerint.

1193 1318 1354 1386 v1-21.
1409 1318 1736 1386 Videmus
1767 1322 1952 1388 enim
1983 1314 2188 1383 -fuisse
2226 1311 2541 1405 quoidam
2568 1364 2589 1399 ,
2636 1309 2751 1403 qui
2804 1306 2999 1376 iidem
3050 1320 3326 1393 ornate,
3378 1324 3456 1374 ac
3496 1309 3839 1399 graviter,
3884 1314 4083 1387 iidem

1085 1415 1392 1504 versute,
1450 1420 1519 1489 δε
1581 1418 1895 1487 subtiliter
1945 1414 2277 1483 dicerent.
2336 1419 2561 1504 Atque
2610 1412 2871 1486 utinam
2922 1410 2988 1477 in
3049 1408 3301 1475 Latinis
3348 1407 3503 1475 talis
3552 1414 3833 1482 oratoris
3888 1416 4079 1490 fimu-

1084 1518 1348 1588 laerum
1400 1519 1692 1608 reperire
1745 1516 2082 1605 possemus
2124 1514 2140 1577 l
2216 1513 2401 1583 -Esset
2453 1516 2802 1605 egregi-um
2854 1531 2991 1580 non
3043 1528 3333 1599 quaereoe
3406 1524 3728 1599 externa,
3780 1514 4081 1591 domesti-

1086 1620 1182 1687 cis
1233 1617 1371 1693 esse
1417 1631 1774 1691 ,contentos
1801 1666 1817 1685 .
1873 1615 2002 1685 Sed
2049 1634 2179 1706 ego
2232 1615 2445 1705 idem,
2496 1616 2610 1707 qui
2665 1617 2735 1683 in
2788 1611 2911 1680 illo
2958 1610 3262 1679 sermone
3309 1609 3532 1680 nostro
3570 1664 3592 1699 ,
3660 1615 3777 1705 qui
3821 1618 3922 1687 est
3968 1644 4079 1692 ex-

1084 1717 1328 1805 positus
1401 1717 1478 1785 in
1551 1719 1820 1808 Bruto,
1890 1718 2189 1789 multum
2259 1716 2597 1788 tribuerim
2670 1715 2933 1783 Latinis
2966 1764 2993 1799 ,
3058 1710 3167 1779 vel
3234 1728 3312 1778 ut
3359 1712 3664 1783 hortarer
3708 1717 3928 1809 alios,
3976 1722 4077 1793 vel

1085 1816 1263 1908 quod
1335 1834 1633 1889 amarem
1685 1840 1872 1891 meos
1916 1873 1937 1908 ,
2011 1818 2315 1891 recordor
2370 1820 2567 1909 longe
2618 1813 2923 1883 omnibus
2998 1834 3216 1883 unum
3291 1815 3644 1919 anteferre·
3696 1820 4079 1895 Demosthe·

1081 1938 1281 2005 nem,
1338 1920 1452 2007 qui
1509 1920 1650 1989 vim
1699 1921 2223 2000 accommodarit
2295 1922 2378 1988 ad
2430 1938 2583 1989 eam
2617 1970 2642 2005 ,
2715 1936 2921 2008 quam
2974 1913 3255 1983 sentiam
3301 1967 3324 2002 ,
3386 1916 3891 2013 eloquentiam5
3945 1948 4077 1996 non

1083 2017 1164 2083 ad
1211 2038 1362 2095 eam
1394 2072 1423 2109 ,
1495 2040 1700 2121 quam
1756 2024 1824 2091 in
1879 2024 2110 2113 aliquo
2155 2018 2296 2109 ipse
2344 2018 2781 2111 cognoverim
2822 2066 2838 2083 .
2897 2018 3049 2084 Hoc
3100 2037 3223 2084 nec
3271 2018 3551 2105 gravior
3598 2022 3857 2092 exstitit
3907 2026 4080 2116 quis-

1081 2138 1328 2209 quam,
1381 2142 1503 2189 nec
1545 2123 1906 2211 callidior,
1957 2144 2078 2193 nec
2129 2122 2586 2213 temperatior.
2642 2123 2873 2211 Itaque
2924 2116 3111 2186 nobis
3165 2116 3476 2187 monendi
3530 2117 3683 2191 sunt
3730 2126 3840 2211 ii,
3914 2148 4082 2217 quo-

1084 2240 1239 2292 rum
1295 2220 1514 2292 sermo
1563 2225 1909 2313 imperitus
1956 2224 2324 2313 increbuit,
2376 2225 2489 2314 qui
2540 2239 2658 2291 aut
2708 2221 2834 2289 dici
2887 2216 2951 2287 se
3006 2216 3359 2287 defiderant
3415 2221 3711 2310 Atticos,
3768 2245 3895 2294 aut
3944 2229 4073 2316 ipfi

1081 2324 1310 2399 Attice
1366 2324 1602 2398 uolunt
1649 2326 1910 2415 dicere,
1959 2344 2032 2395 ut
2089 2330 2411 2396 mirentur
2460 2326 2646 2407 hunc
2698 2321 2995 2405 maxime
3034 2371 3056 2406 ,
3122 2340 3257 2411 quo
3306 2340 3385 2387 ne
3437 2322 3735 2393 Athenas
3790 2325 4075 2418 quidem

1095 2421 1271 2512 ipsas
1329 2427 1554 2516 magis
1620 2428 1823 2497 credo
1895 2428 2095 2497 fuisse
2165 2427 2430 2495 Atticas
2473 2474 2491 2493 .
2561 2424 2745 2507 Quid
2798 2424 2994 2492 enim
3064 2420 3139 2489 fit
3194 2422 3537 2509 Atticum,
3580 2422 3887 2515 discant,
3936 2429 4083 2499 elo-

1088 2526 1565 2616 quentiamque
1615 2517 1810 2617 ipsius
1869 2527 2116 2599 viribus
2151 2581 2177 2617 ,
2246 2522 2887 2599 nou-imbecillitate
2932 2522 3057 2611 sua
3094 2573 3116 2608 ,
3166 2524 3523 2592 metiantur
3567 2572 3584 2593 .
3634 2528 3841 2597 Nune
3893 2534 4077 2601 enim

1087 2638 1357 2692 tantum
1408 2627 1682 2718 quisque
1719 2631 1998 2718 laudat,
2050 2644 2381 2721 quantum
2431 2626 2495 2695 se
2546 2625 2729 2715 posse
2770 2622 2988 2715 ‚sperat
3016 2624 3309 2695 imitari.
3364 2626 3487 2693 Sed
3527 2642 3753 2697 tamen
3794 2648 3911 2714 eos
3950 2631 4077 2702 stn-

1083 2724 1192 2797 dio
1241 2724 1490 2813 optimo
1496 2781 1532 2816 ,
1573 2728 1828 2809 iudicio
1875 2732 2100 2802 minus
2156 2732 2359 2817 firmo
2404 2728 2749 2823 praeditos,
2798 2726 3083 2814 docete,
3136 2748 3285 2827 quae
3338 2724 3417 2795 fit
3462 2728 3721 2820 P1’0P1'12
3773 2732 3925 2804 1²⁰³
3952 2736 4073 2803 At-

1082 2824 1410 2915 ticotum,
1465 2849 1598 2898 non
1653 2831 1950 2902 alienum
2003 2848 2206 2924 puto.

1181 2927 1381 2996 vlu.
1423 2934 1698 3021 Semper
1749 2950 2094 3005 oratorum
2143 2933 2529 3025 eloquentiae
2580 2934 2984 3003 moderatrix
3036 2930 3165 3002 fuit
3216 2930 3599 3001 auditorum
3652 2935 3997 3025 prudentia
4050 2987 4071 3007 .

1073 3027 1334 3106 Omnes
1380 3033 1562 3100 enim
1589 3083 1610 3119 ,
1661 3037 1774 3124 qui
1812 3035 2088 3126 1probat-,i
2144 3036 2419 3123 volunt,
2476 3036 2884 3107 voluntatem
2934 3054 3211 3121 eorum,
3261 3036 3377 3125 qui
3430 3034 3750 3125 audiunt,
3798 3040 4077 3109 inruen-

1069 3138 1223 3216 tur,
1275 3130 1359 3201 ad
1413 3152 1737 3225 eamque,
1791 3140 1861 3208 dt
1916 3136 1998 3206 ad
2055 3155 2291 3209 eorum
2342 3136 2689 3205 arbitrium
2744 3137 2815 3207 δε
2868 3150 3117 3207 nutum
3165 3150 3338 3206 totos
3380 3134 3457 3205 se
3510 3136 3777 3228 fingunt
3824 3140 3895 3210 dt
3954 3162 4079 3212 ac-

1073 3219 1502 3303 commodant
1540 3283 1559 3302 .
1631 3239 1864 3329 Itaque
1913 3240 2108 3309 caria
2141 3289 2168 3326 ,
2235 3240 2307 3310 δε
2365 3237 2661 3328 Phrygia
2704 3288 2727 3324 ,
2797 3240 2868 3309 δι
2930 3237 3195 3325 Mysia,
3244 3235 3427 3328 quod
3482 3240 3767 3308 minime
3814 3242 4081 3334 politae,

1070 3328 1481 3425 minimeque
1547 3335 1880 3427 elegantes
1951 3338 2106 3409 -sunt
2145 3391 2170 3428 ,
2244 3338 2667 3411 adsciverunt
2722 3357 2952 3428 aptum
3011 3337 3141 3407 suis
3192 3336 3457 3427 autibus
3492 3342 3811 3431 opimum
3860 3347 4079 3436 quod.

1069 3431 1279 3521 dam,
1333 3437 1406 3505 &c
1465 3454 1784 3527 tanquam
1839 3434 2467 3533 adipatae'distionis
2518 3461 2774 3530 genus,
2826 3437 3001 3532 quod
3044 3460 3287 3510 eorum
3326 3441 3528 3509 vieini
3586 3455 3777 3530 (non
3828 3447 3923 3514 ita
3982 3448 4084 3519 ia-

1067 3550 1148 3603 to
1195 3543 1406 3624 (ra)
1453 3537 1803 3618 interjeAEto
1858 3546 2076 3632 mari)
2129 3541 2374 3612 Rhodii
2425 3561 2771 3634 nunquam
2822 3542 3306 3633 probaverunt,
3358 3544 3572 3626 (ἱεροί
3625 3562 3857 3618 autem
3894 3551 4085 3620 mul-

1069 3649 1142 3700 to
1189 3634 1417 3701 minus
1457 3687 1478 3722 ,
1549 3639 1989 3714 Athenienses
2065 3662 2224 3722 vero
2265 3641 2577 3714 funditus
2641 3644 3207 3733 repudiaverunt:
3280 3665 3566 3734 quorum
3636 3645 3895 3738 semper
3950 3651 4085 3722 fuit

1067 3729 1356 3824 prudens
1403 3786 1424 3821 ,
1499 3737 1958 3831 sincerumque
2009 3745 2333 3822 iudicium
2375 3798 2400 3835 ,
2452 3744 2618 3814 nihil
2670 3761 2746 3814 ut
2802 3743 3097 3834 possent,
3153 3744 3274 3814 nist
3324 3747 3834 3839 incorruptum,
3892 3754 4089 3824 audi.

1065 3851 1192 3928 re,
1233 3833 1318 3912 ,δε
1375 3835 1698 3924 elegans.
1757 3843 2013 3912 Eorum
2061 3844 2373 3934 religioni
2407 3867 2581 3917 cum
2626 3843 2905 3918 serviret
2938 3861 3177 3919 orator
3200 3898 3222 3936 ,
3284 3845 3563 3920 nullum
3638 3849 3923 3928 verbum
3980 3857 4087 3924 in-

1073 3930 1344 4019 solens,
1394 3934 1666 4006 nullum
1721 3961 1958 4027 ponere
2005 3943 2333 4020 audebat.

1167 4035 1402 4124 Itaque
1452 4036 1603 4127 hic,
1659 4061 1860 4130 quem
1902 4031 2272 4141 praestitis'se
2322 4045 2616 4118 diximus
2664 4049 2952 4136 caeteris,
3004 4051 3075 4118 in
3130 4052 3249 4124 illa
3292 4073 3423 4144 ‚pro
3458 4037 3875 4143 Cteliphonte
3906 4083 4085 4131 ora-

1057 4134 1247 4203 tIone
1298 4135 1502 4225 longe
1551 4143 1840 4230 optima,
1895 4143 2294 4213 summiffius
2348 4165 2387 4212 a
2440 4151 2691 4235 primo:
2748 4151 3028 4238 deinde,
3076 4152 3242 4222 dum
3290 4155 3371 4224 de
3423 4153 3670 4245 legibus
3716 4155 4085 4251 disputat,

1064 4235 1375 4326 preffius:
1428 4237 1568 4326 post
1619 4239 1858 4313 senfim
1899 4245 2224 4315 incedens
2248 4298 2269 4333 ,
2316 4244 2565 4326 judices
2616 4266 2691 4318 ut
2742 4251 2906 4324 vidit
2960 4254 3266 4324 ardentes
3296 4309 3326 4342 ,‚
3396 4260 3467 4326 in
3516 4253 3775 4347 reliquis
3818 4262 4086 4334 exsul·

1059 4337 1226 4404 tavit
1295 4338 1610 4412 audacius
1648 4389 1668 4408 .
1753 4345 1862 4413 Ac
1915 4359 2141 4415 tamen
2196 4349 2279 4434 ‘in
2351 4347 2475 4416 hoc
2548 4351 2688 4438 ipso
2726 4404 2747 4440 ,
2812 4351 3162 4442 diligenter
3212 4359 3640 4426 examinante
3692 4361 4085 4436 verborum

1059 4439 1370 4525 omnium
1421 4442 1754 4533 ponderat,
1803 4446 2216 4535 reprehendit
2269 4449 2626 4535 ,AEschines
2674 4453 3025 4546 quadam,
3070 4457 3149 4528 ,δε
3204 4459 3541 4549 exag·itat;
3591 4459 4087 4558 illudensque,

1146 4573 1152 4578 ·
3746 4565 3971 4656 dura,

1125 4871 1233 4945 (nr
1257 4875 1286 4935 )
1323 4877 1404 4930 Ut
1435 4875 1495 4928 in
1535 4892 1767 4940 corona,
1805 4857 1988 4941 toros)
2025 4874 2288 4934 volubile
2324 4895 2493 4947 genus
2584 4878 2722 4938 -tatis
2756 4881 3091 4950 iucunditate
3126 4905 3337 4946 careat.
3376 4889 3681 4951 smbaus.

1049 4939 1315 4998 orationis
1357 4943 1425 5000 ’δε
1469 4945 1782 5003 „rotundum
1833 4949 2147 5026 uti-corona
2187 4987 2207 5013 ‚
2272 4944 2495 5020 suscipit
2654 4957 2694 5016 .(
2718 4959 2827 5015 12)
2864 4961 3094 5014 Nonita
3112 4957 3276 5023 lato)
3312 4961 3527 5019 Decem
3562 4960 3683 5020 fere
3718 4960 3908 5022 'luteis
3924 4963 4075 5024 Gal-

1049 5008 1114 5064 ad
1163 5029 1548 5090 ornamentum
1595 5035 1774 5090 partes
1829 5017 2224 5086 eminentiores
2259 5059 2279 5086 ‚
2346 5017 2491 5091 quasi
2592 5019 2713 5081 licit
2750 5021 2991 5089 Rhodus
3024 5025 3189 5090 distat
3238 5049 3269 5090 a
3306 5030 3566 5093 litoribus
3602 5033 3807 5100 Cari:
3834 5077 3863 5098 .
3914 5043 4071 5098 m·

1047 5094 1196 5142 toros
1237 5124 1256 5154 ‚
1295 5101 1384 5144 ne·
1410 5105 1658 5163 tanquam
1693 5086 1934 5166 politum
1985 5087 2275 5162 marmori,
2312 5085 2495 5152 {arie-
2586 5092 2768 5166 stem.
