4359 6321
1203 476 1318 572 18
1691 468 1874 561 DE
1927 458 2711 558 INVENTIONE
2766 457 3507 560 RHETORICA

1071 593 1328 682 stulu,
1379 601 1749 674 narratur,
1795 607 1956 657 cum
2003 601 2126 654 aut
2173 584 2245 653 id
2277 634 2305 668 ,
2355 579 2538 671 quod
2588 579 2971 650 adversario
3022 583 3338 670 prodest,
3384 585 3673 657 dilucide
3730 591 3801 660 ἀ
3858 611 4087 665 ornate

1073 695 1476 788 exponitur,
1527 708 1640 761 aut
1690 687 1758 756 id
1804 691 1988 782 quod
2039 687 2132 774 (⁴²
2158 694 2189 772 J
2236 681 2525 770 seipsum
2566 683 2928 769 aadjuvat
2965 682 3251 754 obscure
3296 637 3545 760 dicitur
3619 692 3691 760 δι
3746 695 4092 784 negligen.

1311 799 1590 880 Quare,
1661 809 1738 860 ut
1782 793 1914 862 hoc
1963 789 2205 856 vitium
2258 784 2562 871 vitetur,
2608 786 2837 876 omnia
2880 787 3257 876 torquenda
3314 787 3467 856 sunt
3520 791 3605 860 ad
3656 797 4091 867 commodum

1075 895 1210 970 sua:
1260 895 1514 986 caufie,
1501 923 1516 939 ·
1567 896 1942 977 contraria,
1991 911 2129 980 quae
2147 887 2465 975 praeteriri
2488 899 2845 972 poterunt,
2882 887 3385 977 praetereund03
3437 913 3577 982 quae
3618 893 3798 960 illius
3846 915 4092 984 erunt,

1079 1000 1332 1070 leviter
1367 995 1819 1088 attingend03
1889 992 2000 1061 sua
2052 987 2410 1078 diligenter
2482 990 2553 1058 &
2608 989 2888 1056 enodate
2938 989 3333 1059 narrando.
3368 996 3517 1061 Ac
3570 994 3652 1061 de
3703 1000 4093 1066 narratione

1077 1102 1346 1192 quidem
1400 1099 1550 1168 satis
1597 1096 1856 1166 dietum
1902 1091 2207 1163 videtur.
2268 1089 2597 1177 Deinceps
2650 1088 2737 1157 ad
2787 1092 3203 1176 partitionem
3257 1093 3727 1164 transeamus.

1181 1203 1401 1270 XXII.
1453 1198 1662 1270 Reae
1703 1195 1936 1267 habita
1971 1195 2054 1262 in
2099 1190 2299 1262 causa
2350 1191 2609 1279 partitio
2658 1188 2981 1260 illustrem
3034 1194 3105 1265 &
3153 1193 3567 1284 perspicuam
3616 1213 3828 1270 totam
3878 1199 4093 1268 efficit

1075 1303 1500 1374 orationem.
1569 1305 1797 1370 Partes
1833 1301 1990 1380 eius
2035 1295 2178 1364 duae
2232 1292 2385 1362 sunt
2421 1344 2451 1378 ‚
2514 1309 2806 1384 quarum
2850 1307 3135 1384 utraque
3170 1317 3586 1388 ‚magnopere
3657 1298 3741 1366 ad
3798 1302 4095 1391 aperien-

1075 1403 1235 1472 dam
1276 1402 1594 1490 causam,
1645 1406 1718 1474 &
1769 1396 2299 1470 constituendam
2353 1397 2635 1482 pertinet
2684 1395 3241 1465 controversiam.
3294 1403 3453 1466 Una
3507 1421 3661 1491 pars
3706 1401 3841 1490 est,
3893 1426 4083 1493 quse,

1075 1502 1242 1592 quid
1295 1525 1460 1574 cum
1507 1503 1901 1573 adversariis
1945 1497 2303 1570 conveniat
2343 1547 2371 1582 ,
2406 1497 2493 1564 ec
2547 1493 2709 1584 quid
2759 1497 2827 1566 in
2866 1499 3317 1569 controversia
3366 1502 3821 1593 relinquatur,
3872 1506 4093 1571 osten·

1081 1607 1174 1672 dit
1209 1627 1232 1670 ,ε
1301 1625 1389 1672 ex
1419 1638 1426 1644 ·
1456 1627 1587 1694 qua
1639 1619 1896 1675 certum
1945 1599 2260 1692 quiddam
2303 1595 2689 1685 defiguntur
2732 1598 3083 1686 auditori,
3147 1601 3219 1670 in
3270 1626 3407 1693 quo
3478 1609 3785 1671 animum
3858 1603 4097 1672 debeat

963 1789 972 1800 ,
1077 1702 1318 1776 habere
1363 1725 1807 1796 occupatum.
1859 1705 2090 1772 Altera
2137 1699 2232 1767 est
2268 1751 2291 1785 ,
2341 1700 2413 1768 in
2464 1717 2595 1787 qua
2642 1721 2873 1769 rerum
2916 1722 3163 1771 earum
3198 1755 3221 1789 ,
3270 1706 3351 1770 de
3402 1704 3638 1795 quibus
3686 1707 3947 1785 etima
4000 1706 4099 1772 di·

1080 1805 1300 1892 Ruri,
1381 1806 1670 1878 breviter
1717 1805 2035 1896 expositio
2103 1802 2373 1890 ponitur
2442 1798 2833 1868 distributa:
2898 1825 2993 1872 ex
3044 1825 3179 1894 qua
3228 1806 3589 1875 conficitur
3630 1857 3653 1891 ,
3718 1821 3795 1873 ut
3866 1821 4095 1874 certas

1083 1906 1308 1974 animo
1347 1927 1462 1977 res
1514 1925 1730 1978 teneat
1779 1906 2034 1977 auditor
2073 1957 2099 1990 ,
2147 1899 2387 1992 quibus
2438 1899 2632 1970 dict-is
2684 1902 3017 1994 intelligat
3070 1904 3217 1974 fore
3270 1926 3683 1996 peroratum.
3966 1931 3975 1936 ·

1187 2011 1388 2080 Nune
1432 2029 1719 2100 utroque
1779 2028 2026 2102 genere
2089 2003 2465 2094 partitionis
2512 2005 3079 2094 quemadmodum
3148 2011 3512 2072 conveniat
3568 2006 3723 2088 uti,
3803 2003 4100 2073 breviter

1081 2107 1773 2182 dicendum-videtur.
1827 2116 1992 2196 Quae
2041 2107 2314 2198 partitio
2348 2156 2373 2189 ‚
2421 2103 2585 2192 quid
2632 2107 2983 2172 conveniat
3022 2157 3045 2191 ‚
3094 2119 3211 2172 aut
3258 2102 3419 2194 quid
3468 2123 3608 2172 non
3656 2105 4027 2172 conveniat
4078 2151 4103 2192 ,

1085 2209 1419 2300 ostendit3
1463 2213 1606 2281 haec
1659 2213 1846 2282 debet
1897 2209 2067 2280 illud
2103 2261 2124 2292 ,
2177 2203 2355 2294 quod
2402 2202 2721 2268 convenit
2751 2255 2779 2290 .,
2850 2202 3171 2274 inclinate
3219 2204 3307 2272 ad
3358 2202 3485 2274 suae
3534 2205 3741 2273 caula:
3792 2225 4105 2274 commo·

1081 2311 1244 2384 dum
1279 2364 1304 2397 ‚
1353 2313 1485 2384 hoc
1535 2312 1795 2380 modo:
1849 2307 2285 2377 interfeetam
2331 2320 2621 2370 matrem
2660 2303 2795 2370 -effe
2844 2325 2887 2369 a
2937 2305 3081 2373 filio
3117 2361 3140 2392 ,
3188 2309 3502 2376 convenit
3552 2306 3717 2376 mihi
3764 2329 3933 2376 eum
3988 2308 4105 2374 ad-

1082 2411 1390 2481 versariis
1426 2461 1442 2479 .
1513 2417 1692 2482 Item
1737 2431 1972 2482 contra
2019 2432 2040 2470 ι
2109 2404 2553 2470 lintei-festum
2604 2400 2726 2466 effe
2794 2421 2833 2466 a
2883 2401 3377 2489 clytemnestra
3428 2411 4023 2496 Agamemnonem
4073 2458 4098 2494 ,

1079 2517 1432 2582 convenit.
1487 2517 1669 2577 Nam
1715 2513 1830 2577 hic
1879 2523 2156 2591 uterque
2208 2503 2281 2570 &
2338 2499 2407 2566 id
2458 2498 2671 2588 posuit
2710 2552 2733 2586 ,
2784 2502 2971 2594 quod
3021 2506 3494 2598 conveniebat,
3552 2512 3621 2579 δε
3680 2525 3905 2578 tamen
3964 2512 4097 2577 suae

1083 2609 1297 2682 causae
1345 2610 1698 2675 commodo
1745 2603 2090 2678 consuluit
2125 2649 2144 2668 .
2200 2600 2499 2686 Deinde,
2549 2601 2711 2691 quid
2762 2610 3221 2678 controverfiae
3274 2610 3395 2698 fit,
3442 2611 3827 2700 ponendum
3876 2610 3973 2680 est
4020 2612 4099 2678 in

1091 2710 1508 2792 judicationis
1555 2711 2000 2798 expositione:
2053 2727 2195 2796 quae
2246 2701 2813 2795 quemadmodum
2863 2708 3271 2782 inveniretur
3310 2763 3330 2794 ,
3378 2727 3533 2777 ante
3580 2714 3836 2780 dietum
3884 2712 4020 2782 est.

1196 2813 1367 2896 Qae
1423 2829 1646 2880 autem
1689 2810 1962 2903 partitio
2006 2826 2236 2876 rerum
2279 2801 2684 2872 distributam
2734 2807 3033 2877 continet
3082 2805 3559 2901 expolitionem
3592 2863 3612 2897 ,
3661 2813 3802 2880 haec
3852 2810 4099 2879 habere

1083 2911 1276 2984 debet
1323 2915 1721 2984 brevitatem
1759 2967 1786 3002 ,
1835 2910 2311 2983 absolutionem
2344 2959 2369 2994 ,
2413 2906 2858 2996 paucitatem.
2912 2911 3216 2980 Brevitas
3260 2909 3396 2998 est,
3448 2931 3648 2998 cum,
3701 2913 3821 2978 nifi
3874 2913 4101 2979 necei-

1085 3015 1336 3082 sarium
1372 3064 1397 3101 ,
1443 3017 1716 3086 nullum
1761 3014 2102 3084 affumitur
2153 3005 2437 3078 verbum
2473 3053 2493 3074 .
2562 3009 2727 3079 Haec
2778 3011 2850 3078 in
2898 3012 3023 3082 hoe
3072 3033 3321 3104 genere
3392 3011 3643 3084 idcirco
3692 3014 3877 3080 utilis
3928 3012 4023 3082 est
4078 3059 4101 3095 ,

1086 3115 1264 3208 quod
1314 3113 1511 3188 rebus
1562 3120 1713 3209 ipsis
1747 3170 1770 3205 ,
1819 3119 1898 3189 δι
1952 3111 2237 3207 partibus
2284 3109 2537 3198 eausae,
2590 3133 2728 3182 non
2780 3113 3033 3205 verbis,
3085 3112 3298 3207 neque
3347 3115 3680 3185 extraneis
3732 3135 4102 3185 ornamen-

1085 3221 1172 3286 tis
1220 3220 1482 3290 animus
1533 3221 1850 3291 auditoris
1901 3216 2231 3288 tenendus
2266 3214 2399 3284 est.
2448 3212 2799 3285 Absolutio
2842 3216 2935 3287 est
2974 3272 2995 3305 ,
3047 3240 3163 3307 per
3212 3238 3417 3309 quam
3466 3221 3745 3305 omnia,
3796 3240 3944 3307 quae
3998 3218 4103 3283 in-

1093 3323 1328 3391 cidunt
1377 3325 1449 3389 in
1505 3322 1778 3393 eausam
1817 3375 1842 3411 ,
1888 3341 2136 3412 genera
2176 3374 2199 3406 ,
2248 3318 2332 3385 de
2370 3316 2607 3407 quibus
2652 3317 3019 3388 dicendum
3068 3318 3161 3385 est
3198 3372 3221 3405 ,
3273 3316 3773 3405 amplefflmur.
3829 3325 3917 3388 In
3970 3330 4105 3408 qua

1085 3423 1440 3511 partitione
1489 3423 1858 3492 videndum
1903 3423 2002 3491 est
2036 3473 2060 3507 ,
2127 3442 2215 3488 ne
2262 3434 2395 3485 aut.
2428 3420 2696 3508 aliquod
2748 3442 2961 3511 genus
3032 3419 3195 3489 utile
3242 3419 3661 3509 relinquatur
3695 3474 3717 3507 ‚
3790 3437 3911 3490 aut
3965 3421 4109 3487 sero

1089 3539 1284 3590 extra
1351 3524 1770 3613 partitionem
1809 3576 1834 3611 ,
1899 3523 1970 3591 id
2037 3518 2225 3612 quod
2294 3518 2770 3589 vitiofiffimum
2842 3541 2920 3589 ac
2986 3521 3431 3609 turpiffimum
3480 3520 3575 3587 est
3611 3572 3633 3607 ,
3704 3520 4041 3589 inferatur
4083 3563 4102 3583 .

1087 3623 1396 3691 Paueitas
1439 3626 1512 3686 in
1565 3627 1910 3710 partitione
1963 3622 2264 3689 servatur
2299 3671 2322 3705 ,
2372 3620 2421 3687 fi
2474 3628 2725 3710 genera
2774 3619 2911 3710 ipsa
2964 3642 3188 3689 rerum
3241 3637 3577 3711 ponuntur
3615 3676 3636 3711 ,
3686 3642 3907 3714 neque
3961 3640 4111 3711 per-

1087 3722 1281 3791 miste
1327 3741 1486 3788 cum
1534 3721 1829 3809 partibus
1879 3720 2356 3839 implicantur.
2406 3725 2589 3788 Nam
2637 3742 2850 3812 genus
2896 3721 3027 3808 est,
3076 3724 3253 3810 quod
3300 3726 3528 3811 plures
3581 3738 3801 3812 partes
3852 3720 4106 3811 ample»

1083 3823 1353 3909 attur,
1400 3836 1476 3889 ut
1527 3823 1816 3890 animal.
1871 3826 2036 3889 Pars
2083 3820 2241 3905 est,
2264 3840 2407 3910 quae
2464 3819 2674 3892 subest
2720 3824 3007 3914 generi,
3060 3839 3134 3888 ut
3180 3842 3428 3911 equus·
3482 3820 3609 3889 Sed
3652 3824 3813 3910 saepe
3866 3824 4103 3891 eadem

1088 3946 1191 3993 res
1241 3924 1355 3992 alii
1407 3942 1621 4013 genus
1657 3976 1680 4012 ,
1727 3924 1838 3994 alii
1888 3943 2040 4015 pars
2087 3919 2219 3991 est.
2266 3925 2448 3993 Nam
2494 3924 2760 4015 homo,
2808 3924 3123 3994 animalis
3170 3942 3326 4011 pars
3374 3918 3509 4008 est3
3556 3919 3928 4012 Thebani,
3983 3932 4103 3987 aut

1093 4025 1423 4111 Troiani,
1473 4044 1720 4117 genus.
2056 4053 2062 4061 ·

1131 4128 1448 4195 xxm,
1523 4132 1686 4198 Haee
1749 4128 1903 4199 ideo
1951 4130 2336 4220 diligentius
2402 4130 2745 4201 inducitur
2794 4060 3191 4219 praescriptio
3228 4176 3251 4212 ,
3326 4139 3397 4192 ut
3470 4136 3685 4225 aperte
3762 4114 4104 4189 intellesta

1085 4227 1386 4319 generati
1435 4230 1780 4318 partitione
1811 4283 1834 4319 ,
1883 4238 2183 4322 paucitas
2233 4244 2571 4325 generum
2611 4234 2681 4299 in
2730 4229 3078 4321 partitione
3133 4226 3377 4294 strvari
3431 4218 3663 4313 poffit.
3743 4224 3925 4290 Nam
3977 4216 4104 4309 qui

1083 4332 1180 4399 ita
1229 4331 1572 4421 partitur,
1636 4332 1996 4404 Ostendam
2035 4390 2055 4423 ,
2125 4354 2387 4428 propter
2436 4333 2935 4426 cupiditatem,
3004 4332 3077 4399 δε
3134 4328 3553 4413 audaciam,
3598 4328 3675 4397 ’δι
3736 4322 4105 4393 avaritiam

1088 4428 1683 4525 adversariorum,
1733 4441 1956 4517 omnia
2008 4438 2427 4508 incommoda
2482 4437 2565 4506 ad
2615 4434 3099 4525 rempublicam
3148 4430 3545 4519 perveniffe,
3592 4429 3653 4495 is
3708 4446 3841 4495 non
3900 4419 4104 4490 intel-

1087 4534 1317 4623 lexit,
1361 4536 1432 4603 in
1456 4536 1902 4630 partitione,-
1937 4542 2239 4632 exposito
2286 4560 2530 4631 genere
2569 4592 2589 4627 ,
2640 4556 2890 4628 partem
2946 4531 3013 4600 se
3062 4534 3331 4624 generis
3382 4529 3844 4599 admiscuiffe.
3919 4526 4103 4591 Nam

1085 4644 1302 4727 geisus
1347 4636 1444 4709 est
1489 4640 1793 4718 omnium
1844 4644 2166 4716 nimirum
2232 4640 2587 4714 libidinum
2654 4639 3035 4732 cupiditas.
3104 4636 3255 4714 ejus
3322 4652 3561 4704 autem
3620 4630 3955 4804 εειιεὲἰςδ
3966 4624 4105 4695 fine

2742 4755 2754 4765 ·
3090 4780 3097 4785 ·
3849 4754 3893 4801 u
3937 4750 4005 4795 ιο

1150 5204 1270 5273 (⁴¹)
1307 5208 1589 5281 Seiffum)
1625 5210 1808 5271 Lamb·
1843 5206 2046 5286 ipsam.
