4359 6321
832 418 2519 523 LIBERTER-TIUS.
2893 464 3076 561 ²59

214 564 355 639 que
410 560 629 613 rerum
668 586 717 607 .-
761 538 951 625 Aut,
1000 562 1205 626 cum,
1252 562 1395 631 quae
1446 542 1663 611 forma
1714 546 1923 633 (58)
1968 598 1989 630 ,
2044 547 2115 615 δε
2148 548 2356 638 quasi
2407 545 2728 620 naturalis
2775 567 2930 625 nota
2983 558 3205 641 cujuss

212 668 347 738 que
398 644 477 717 fit
510 697 533 729 ,
586 638 1011 712 describitur:
1058 657 1179 735 ut,
1227 642 1275 709 fi
1328 659 1656 735 quaeratut
1712 648 1897 713 avari
1953 646 2234 736 specieS,
2273 650 2606 740 seditiosi,
2655 648 2966 745 gloriofi'.

310 743 820 814 Consecutionis
866 757 1091 811 autem
1140 742 1274 815 duo
1334 746 1555 831 prima
1608 744 2037 835 quaestionum
2113 770 2366 839 genera
2427 775 2808 844 ponuntur.
2861 760 3040 837 Nam
3091 776 3210 829 aut

204 847 503 935 iimplex
574 844 665 916 est
716 842 1091 935 disceptatio
1126 894 1150 929 ,
1215 858 1289 911 ut
1329 898 1352 931 ‚
1422 848 1468 915 fi
1520 846 1852 915 differatur
1896 900 1919 935 ,
1974 850 2442 935 Expetendane
2512 857 2590 924 s1t
2639 859 2900 949 gloria,
2951 872 3068 929 aut
3117 880 3203 927 ex

204 948 755 1038 comparatione,
819 952 1005 1021 Laus
1044 996 1069 1033 ,
1136 966 1220 1013 an
1272 944 1515 1020 divitiae
1564 948 1781 1039 magis
1832 950 2214 1037 expetenda:
2267 952 2396 1031 fint
2443 1002 2460 1023 .
2509 962 2931 1047 Simplicium
2983 976 3210 1029 autem

204 1051 361 1123 sunt
430 1065 563 1118 tres
616 1048 829 1120 modi:
891 1048 977 1117 de
1026 1046 1405 1134 expetendis
1460 1048 1885 1138 fugiendisve
1937 1051 2184 1137 rebus,
2232 1066 2354 1140 ut,
2403 1056 3212 1144 Expetendine,honores

202 1154 407 1241 fint,
448 1173 619 1221 num
674 1149 997 1241 fugienda
1047 1162 1455 1238 paupertas:
1523 1150 1603 1219 de
1650 1172 1837 1241 aequo
1890 1167 2005 1221 aut
2056 1150 2286 1241 iniquo
2323 1206 2346 1241 ,
2399 1158 2794 1245 AEquumne
2847 1158 2924 1227 fit
2977 1161 3208 1231 ulcisci

200 1254 497 1333 iniurias
549 1254 751 1323 etiam
820 1253 1351 1343 propiuquorum
1390 1277 1413 1315 .·
1492 1252 1577 1319 de
1626 1250 1897 1320 honesto
1946 1269 2065 1321 aut
2116 1256 2350 1341 turpi,
2419 1272 2494 1323 ut
2543 1258 2668 1327 hoc
2711 1311 2731 1345 ,
2781 1262 2959 1329 Sitne
3009 1262 3216 1329 hone-

206 1355 434 1442 stum,
486 1354 715 1445 gloriae
784 1350 983 1425 causa
1036 1370 1327 1421 mortem
1398 1352 1577 1421 obire
1616 1398 1635 1421 .
1708 1354 2232 1441 Comparationis
2285 1374 2510 1425 autem
2563 1358 2696 1427 duo
2753 1357 2904 1429 sunt
2958 1360 3144 1427 modi
3193 1410 3208 1427 .

213 1460 465 1543 Unus,
508 1478 711 1543 cum,
760 1456 1023 1525 idemne
1074 1453 1195 1540 fit,
1242 1475 1333 1523 an
1376 1452 1635 1545 aliquid
1686 1456 1987 1541 interfit,
2031 1458 2390 1545 quaeritur:
2442 1472 2514 1528 ut
2569 1480 2848 1527 metuere
2893 1511 2916 1545 ‚
2973 1462 3044 1531 δε
3101 1483 3212 1528 ve.

210 1569 393 1625 reri:
466 1572 541 1625 ut
592 1580 701 1623 rex
743 1609 763 1643 ,
817 1558 887 1627 &
940 1574 1249 1631 tyrannus
1290 1579 1311 1621 z
1362 1572 1437 1629 ut
1490 1550 1831 1641 affirmator
1874 1608 1894 1642 ,
1966 1559 2037 1626 &
2111 1565 2368 1626 amicus
2405 1608 2430 1643 ‚
2514 1558 2750 1644 Alter,
2800 1582 3000 1647 cum,
3057 1562 3215 1651 quid

208 1658 474 1746 praestet
524 1656 701 1727 aliud
758 1659 911 1745 alii,
960 1657 1323 1749 quaeritur:
1376 1673 1454 1725 ut
1508 1656 1711 1745 illud,
1776 1658 2117 1747 optimine
2166 1657 2488 1749 cuiusque
2542 1657 2902 1748 sapientes,
2959 1681 3042 1727 an
3099 1684 3214 1747 po·

210 1760 449 1848 pulari
502 1760 693 1828 laude
742 1758 1073 1828 ducantur
1114 1806 1137 1827 .
1200 1760 1427 1849 Atque
1480 1780 1573 1829 eae
1623 1758 1897 1849 quidem
1962 1758 2503 1849 disceptationes,
2555 1782 2700 1851 quae
2755 1762 2838 1828 ad
2887 1761 3210 1851 cognitio-

211 1882 381 1929 nem
436 1862 854 1947 referuntur,
903 1858 991 1929 fic
1042 1860 1177 1926 fere
1226 1881 1269 1927 a
1321 1859 1704 1929 doffissimis
1750 1861 2129 1931 hominibus
2186 1860 2682 1930 describuntur.

320 1965 545 2029 XXX.
597 1967 763 2045 Qae
812 1980 971 2029 vero
1017 1959 1401 2027 referuntur
1452 1964 1535 2027 ad
1586 1964 1972 2050 agendum,
2021 1980 2139 2031 aut
2191 1964 2260 2029 in
2313 1963 2505 2031 officii
2557 1963 3026 2050 disceptatione
3067 1982 3214 2029 ver-

211 2060 497 2149 santur,
545 2084 681 2151 quo
732 2064 797 2127 in
850 2079 1091 2150 genere
1130 2112 1152 2146 ,
1218 2061 1375 2150 quid
1425 2062 1684 2131 redium
1744 2063 2249 2153 faciendumque
2300 2062 2375 2131 fit
2421 2116 2441 2149 ,
2492 2060 2844 2153 quaeritur3
2896 2066 3004 2130 cui
3061 2062 3212 2133 loco

211 2165 452 2237 omnis
497 2166 827 2231 virtutum
880 2163 1305 2231 vitiorumest
1361 2162 1519 2231 filva
1578 2152 1908 2242 subiesta:
1956 2178 2073 2233 aut
2124 2165 2192 2230 in
2233 2166 2616 2233 animorum
2669 2165 2892 2253 aliqua
2947 2182 3206 2251 permo-

212 2266 405 2333 tione
446 2279 562 2331 aut
600 2264 983 2354 gignenda,
1034 2280 1149 2336 aut
1189 2263 1517 2351 sedanda,
1566 2265 1945 2333 tollendave
1996 2264 2409 2333 traetantur.
2481 2266 2659 2333 Huic
2711 2266 2948 2355 generi
2998 2260 3204 2341 subje-

214 2365 341 2435 &ae
398 2362 551 2433 sunt
588 2365 1113 2452 cohortationes,
1162 2362 1703 2453 objurgationes,
1752 2365 2277 2455 consolationes,
2327 2365 2816 2451 miserationes,
2867 2363 3214 2453 omnisque

211 2468 299 2535 ad
355 2488 637 2537 omnem
690 2467 898 2535 animi
944 2483 1204 2535 motum
1256 2466 1327 2533 δε
1380 2467 1737 2555 impulsu),
1774 2469 1903 2553 ἃ,
1956 2466 2003 2533 fi
2060 2468 2150 2533 ita
2206 2488 2311 2537 res
2359 2468 2522 2533 feret
2561 2518 2583 2551 ,
2631 2466 2994 2555 mitigatio.

316 2569 692 2657 Explicatis
742 2570 942 2658 igitur
1012 2569 1117 2637 his
1168 2565 1523 2657 generibus
1596 2588 1673 2638 ac
1728 2570 1945 2637 modis
1988 2567 2538 2655 disceptationum
2609 2568 2914 2633 omnium
2956 2620 2982 2653 ,
3029 2564 3200 2633 nihil

206 2668 371 2739 sane
428 2670 519 2737 ad
568 2690 711 2736 rem
764 2668 1101 2757 pertinet,
1150 2670 1195 2734 fi
1244 2687 1375 2757 qua
1428 2668 1499 2733 in
1570 2689 1641 2735 re
1690 2668 2075 2755 discrepavit
2131 2666 2210 2733 ab
2259 2668 2542 2734 Antonii
2613 2666 2934 2735 divisione
2985 2664 3204 2734 nostra

202 2772 521 2861 partitio.
577 2770 829 2837 Eadem
876 2766 1059 2837 enim
1110 2767 1259 2835 sunt
1326 2764 1624 2834 membra
1696 2768 1765 2833 in
1838 2767 2137 2857 utrisque
2185 2765 2728 2855 disputationibus
2769 2820 2790 2853 ,
2839 2767 2952 2835 sed
3004 2766 3204 2855 paulo

208 2873 407 2941 secus
466 2892 505 2939 a
553 2891 708 2957 me,
751 2884 947 2959 atque
998 2866 1085 2935 ab
1126 2868 1292 2951 illo,
1339 2870 1583 2955 partita
1640 2886 1719 2935 ac
1770 2866 2104 2937 distributa
2144 2914 2167 2935 2
2235 2872 2438 2937 Nunc
2491 2871 2570 2935 ad
2625 2869 2879 2958 reliqua
2927 2888 3202 2957 progre-

210 2974 360 3045 diar
400 3026 425 3061 ‚
474 2992 713 3064 meque
778 2970 861 3037 ad
910 2989 1143 3037 meum
1192 2990 1439 3037 munus
1506 2968 1913 3059 pensumque
1986 2969 2356 3038 revocabo,
2403 2974 2581 3038 Nam
2636 2992 2722 3039 ex
2773 2970 2909 3041 illis
2962 2970 3124 3037 locis
3167 3018 3202 3054 .,

210 3096 387 3166 quos
436 3072 745 3159 exposuit
798 3070 1133 3137 Antonius
1170 3118 1195 3151 ,
1260 3072 1487 3135 omnia
1542 3069 1691 3135 sunt
1746 3072 1829 3137 ad
1900 3092 2173 3162 quaeque
2216 3070 2466 3158 'genera
2516 3070 2948 3164 quaestionum
2999 3091 3202 3159 argu·-

213 3190 452 3241 menta
526 3167 848 3236 sumenda
886 3191 907 3230 τ
956 3167 1070 3234 sed⁴
1122 3168 1269 3232 aliis
1338 3167 1689 3252 generibus
1760 3171 1872 3237 alii
1948 3175 2073 3239 loci
2148 3176 2366 3260 magis
2434 3189 2638 3242 erunt
2687 3174 2818 3259 apti
2869 3198 2890 3259 ς
2941 3171 3027 3238 de
3071 3192 3208 3258 quo

218 3290 361 3336 non
443 3284 585 3335 tam
648 3267 806 3355 quia
876 3265 1161 3352 longum
1226 3261 1379 3347 est,
1448 3285 1657 3352 quam
1724 3269 1883 3352 quia
1950 3267 2376 3356 perspicuum
2417 3321 2446 3355 ,
2508 3270 2642 3337 dici
2712 3270 2880 3336 nihil
2946 3270 3038 3335 est
3086 3291 3200 3335 ne·

218 3369 429 3438 ceffe.
2486 3365 2490 3370 ’

326 3467 775 3539 Ornatiffimae
825 3465 983 3534 sunt
1028 3465 1235 3554 igitur·
1282 3464 1605 3533 orationes
1656 3485 1785 3552 eae,
1836 3488 1985 3555 quae·
2032 3465 2334 3532 Iatiffime
2385 3480 2777 3556 vagantur-,
2850 3467 2920 3532 dc
2981 3483 3015 3528 a
3073 3467 3202 3550 pri-

216 3588 391 3640 vata
438 3593 519 3642 ac
562 3569 885 3660 singulari
938 3566 1375 3636 controversia
1426 3565 1496 3633 se
1550 3565 1631 3631 ad
1681 3565 1973 3633 universi
2024 3569 2288 3654 generis
2346 3567 2486 3634 vim
2523 3565 2986 3654 explicandam
3044 3586 3204 3632 con-

218 3676 459 3744 ferunt
512 3675 585 3743 δε
642 3683 1091 3752 convertunt,
1141 3683 1214 3735 ut
1265 3669 1368 3752 ii,
1436 3667 1871 3756 qui‚audiant
1911 3717 1933 3752 ,
1983 3683 2218 3738 natura
2241 3719 2272 3752 ,.
2315 3670 2384 3737 ὅ(
2441 3687 2724 3757 genere,
2771 3669 2840 3734 δε
2901 3664 3202 3734 universa

217 3795 297 3842 re
348 3775 621 3862 cognita
660 3825 691 3858 ,
751 3771 831 3836 de
880 3769 1159 3855 singulis
1224 3769 1353 3834 reis
1392 3819 1423 3854 ,.
1468 3770 1536 3836 δε
1592 3765 1985 3834 criminibus
2012 3818 2059 3853 .,
2121 3769 2194 3838 δε
2249 3766 2478 3838 litibus
2549 3768 2827 3834 statuere
2879 3762 3130 3854 possint
3181 3813 3204 3834 0

216 3879 426 3944 Hanc
500 3875 585 3942 ad
656 3868 1227 3942 consuetudinem.
1274 3867 1770 3936 exercitationis
1835 3888 1954 3936 vos
1993 3917 2015 3952 ,
2085 3865 2534 3937 adolescentes
2580 3921 2602 3955 ,
2671 3865 2762 3932 est
2815 3865 3201 3936 cohortatus

212 3976 632 4062 Antonius,¹
695 3985 896 4062 atque
941 3990 978 4036 a
1026 3968 1309 4036 minutis
1353 3967 1771 4058 angustisque
1840 3967 2436 4036 concertationibus
2506 3967 2590 4036 ad
2659 3985 2928 4032 omnem
2983 3967 3125 4032 vim
3176 4020 3198 4052 ,

212 4075 741 4166 varietatemque
793 4093 915 4141 vos
963 4068 1311 4139 differendi-
1360 4070 1803 4139 traducendos
1856 4071 2161 4156 putavit:-
2213 4074 2440 4152 Quare
2493 4090 2630 4134 non
2685 4066 2777 4134 est
2829 4089 3200 4154 paucorum

210 4175 605 4246 libellorum
652 4175 821 4246 hoc.
851 4193 1105 4242 munus
1140 4224 1163 4256 ,
1218 4185 1291 4238 ut
1342 4171 1448 4255 ii,
1496 4172 1610 4258 qui
1668 4169 2057 4257 scrIpserunt
2110 4169 2194 4238 de
2245 4170 2508 4238 dicendi
2556 4173 2852 4252 ratione,
2905 4169 3206 4236 arbitrati

212 4275 425 4380 suntss,
482 4297 709 4370 neque·
752 4272 1121 4342 Tusculani
1164 4323 1189 4358 ,
1256 4285 1449 4359 atque
1498 4270 1703 4350 hujus
1766 4270 2238 4340 ambulationis·
2281 4271 2804 4338 antemeridiana»,
2837 4320 2866 4354 ,
2911 4286 3025 4436 aar
3081 4292 3196 4337 no-

2223 4373 2307 4436 K.
2341 4371 2388 4436 k
2493 4395 2534 4436 2
3000 4392 3088 4438 1·ae

224 4739 275 4797 ΥΕ
298 4743 327 4802 (
354 4745 465 4809 ς8)
504 4743 677 4802 Aut,
708 4755 861 4802 cum,
892 4755 1003 4810 qua
1037 4735 1225 4805 forma
1239 4739 1275 4799 )·
1308 4726 1675 4796 Notationes,
1770 4723 1922 4786 modi
1961 4722 2091 4805 sunt
2137 4723 2366 4784 morales
2399 4717 2768 4794 Theophrasti
2822 4717 3149 4802 charastcres
3185 4751 3204 4774 ,

230 4807 344 4862 five
378 4805 781 4880 descriptiones
830 4825 1043 4864 morum
1080 4803 1322 4870 indicat,
1368 4821 1501 4874 quos
1537 4797 1669 4858 cha·
1766 4817 1887 4880 quae
1958 4817 2018 4854 ιιι
2084 4796 2336 4878 oratione
2399 4794 2658 4852 collocata
2723 4791 3061 4872 ethopoeiam
3127 4783 3208 4837 fn·-

231 4879 457 4936 meteres
494 4877 683 4938 Graeci
724 4895 923 4938 vocant
958 4898 977 4942 ς
1014 4875 1238 4950 quando
1268 4894 1347 4932 res
1384 4893 1501 4931 non
1542 4869 1671 4952 fin!-
1766 4888 1922 4930 crunt
1952 4910 1970 4935 ,
2025 4874 2081 4926 &
2116 4886 2397 4944 praecrpue
2433 4865 2502 4926 ad
2537 4862 2827 4924 comoedras
2862 4871 3148 4933 pertinent
3185 4891 3204 4906 .

231 4949 365 5020 plici
402 4950 733 5009 definitione
781 4947 1066 5024 aperitur,
1115 4946 1209 5005 sed
1259 4966 1357 5020 per
1394 4944 1671 5016 multiph·
1770 4945 2082 5002 Petnvius.

236 5023 314 5078 cia
354 5021 501 5094 ligna
537 5027 591 5080 δε
628 5019 771 5095 quasi
806 5019 1029 5092 vestigia
1060 5019 1366 5093 explicatur
1397 5056 1418 5072 .
1464 5011 1676 5084 Cujus-
