4359 6321
1131 502 1204 583 0
1262 486 1354 588 R
1415 494 1517 586 A
1563 488 1666 586 Τ
1723 493 1794 584 Ο
1852 498 1940 589 R
2003 502 2063 589 I
2111 502 2188 591 Β
2244 506 2335 589 U
2382 504 2448 596 S
2472 568 2500 595 .
2979 516 3042 603 6

259 613 360 683 est
401 664 423 701 ‚
473 598 607 683 hori
659 598 733 679 'u't
781 612 1136 701 ingenium
1175 668 1201 701 ,
1251 618 1322 685 δε
1375 616 1830 706 ’eloquentiam
1877 635 2099 688 meam
2155 622 2502 713 perspicias
2539 676 2559 709 ‚
2630 623 2815 695 unde
2864 536 3101 718 lo3nge7
3132 629 3243 699 ab·

266 716 416 787 sum
458 768 479 801 ‚
531 711 640 783 sed
687 730 762 781 ut
817 712 1114 781 laborem
1160 769 1180 800 ,
1233 718 1304 785 δε
1364 716 1756 785 industriam
1797 769 1814 785 .
1863 727 2040 789 Cum
2095 725 2299 811 igitur
2352 725 2545 793 essem
2596 727 2663 795 in
2720 727 3023 818 plurimis
3086 750 3243 801 eau-

265 818 390 903 fis,
441 822 512 887 ὅ(
570 816 638 881 in
692 812 1122 903 principibus·
1145 818 1438 904 patronis
1489 819 2028 911 quinquennium
2079 822 2218 890 fere
2272 826 2563 895 versatus
2608 882 2629 915 ,
2699 845 2851 898 tum
2904 832 2973 897 in
3026 847 3244 919 patro-

261 919 442 986 cinio
493 914 809 985 Siciliensi
863 910 1160 984 maxime
1214 920 1283 985 in
1335 934 1669 990 certamen
1724 924 1877 993 veni
1947 922 2324 1013 designatus
2388 927 2601 997 aediiis
2668 938 2829 1001 cum
2898 930 3241 1021 designato

266 1019 539 1087 consule
594 1016 992 1086 Hortensio,
1099 1048 1106 1053 ·
1407 1100 1412 1105 ᾗ

367 1121 612 1189 xcnt.
668 1118 789 1187 Sed
839 1120 1180 1209 quoniam.
1211 1122 1436 1188 omnis
1485 1108 1596 1191 'hic
1651 1119 1868 1191 sermo
1915 1122 2128 1195 noster
2179 1144 2315 1195 non
2370 1124 2584 1194 solum
2659 1134 3239 1203 enumerationem

266 1224 662 1308 oratoriam,
713 1228 948 1288 verum
993 1221 1196 1287 etiam
1249 1241 1565 1313 praecepta
1619 1224 1920 1312 quaedam
1971 1224 2345 1295 desiderat:
2399 1227 2562 1317 quid
2612 1246 2935 1321 tanquam
2988 1252 3225 1301 notau-

262 1326 422 1392 dum
463 1374 484 1406 ,
537 1324 608 1393 δι
667 1321 1328 1421 animadvertendum
1381 1325 1456 1393 fit
1506 1327 1577 1392 in
1631 1328 2032 1412 Horreum,
2079 1322 2363 1395 breviter
2417 1330 2579 1399 licet
2628 1332 2892 1401 dicere.

371 1430 546 1492 Nam
600 1426 654 1491 is
707 1423 844 1512 post
894 1421 1320 1493 consulatum
1373 1437 1398 1515 (
1456 1428 1654 1496 credo
1702 1427 1882 1518 quod
1940 1428 2189 1495 videret
2248 1480 2267 1513 ,
2335 1448 2419 1495 ex
2488 1430 2956 1501 consularibus
3028 1433 3240 1499 nemi·

263 1548 418 1592 nem
469 1526 590 1594 esse
643 1524 866 1591 secum
915 1526 1472 1614 comparandum,
1522 1529 1894 1617 negligeret
1945 1545 2170 1595 autem
2222 1550 2337 1593 eos
2387 1530 2499 1616 qui
2554 1532 2865 1600 consules
2916 1554 3053 1599 non
3080 1531 3240 1603 fuis-

265 1627 404 1693 sent
463 1638 488 1715 )
545 1625 889 1693 summum
935 1624 1104 1693 illud
1158 1624 1353 1695 suum
1405 1628 1697 1698 studium
1754 1630 2030 1715 remisit,
2080 1650 2213 1721 quo
2271 1648 2309 1694 a
2358 1649 2565 1716 puero
2616 1632 2833 1698 fuerat
2888 1632 3238 1717 incensus,

266 1744 464 1816 atque
512 1727 578 1792 in
633 1727 940 1795 omnium
991 1746 1216 1795 rerum
1271 1728 1671 1798 abundantia
1727 1732 1938 1799 voluit
1989 1728 2282 1814 beatius,
2330 1746 2406 1797 ut
2458 1729 2587 1816 ipse
2637 1729 2944 1820 putabat,
2998 1734 3233 1800 remis·

259 1827 400 1895 {ius
441 1845 626 1906 ,certe
666 1881 686 1913 ,
739 1828 968 1895 vivere
1010 1875 1028 1892 .
1085 1829 1394 1917 Primus,
1443 1834 1516 1900 δι
1575 1830 1897 1901 secundus
1951 1852 2168 1901 annus
2209 1883 2231 1916 ‚
2301 1832 2374 1900 δε
2435 1832 2665 1901 tertius
2736 1846 3003 1900 tantum
3054 1834 3237 1921 quasi

261 1928 344 1994 de
395 1929 658 2017 pistura:
708 1929 944 1995 veteris
993 1928 1219 1996 colore
1269 1933 1694 2015 detraxerat,
1778 1948 2108 2022 quantum
2182 1951 2315 1999 non
2369 1934 2590 2021 quivis
2642 1952 2813 2001 unus
2886 1952 2973 1999 ex
3028 1954 3233 2021 popu-

261 2030 332 2094 lo
369 2082 389 2113 ,
445 2030 546 2096 sed
592 2026 998 2097 existimator
1047 2028 1282 2098 dostus
1321 2084 1342 2116 ‚
1412 2034 1482 2101 &
1563 2033 1938 2122 intelligens
1989 2034 2183 2123 posset
2232 2031 2625 2121 cognoscere
2663 2082 2680 2101 .
2754 2033 3051 2123 Longius
3118 2056 3237 2103 au-

259 2145 392 2195 tem
445 2130 796 2217 procedens
838 2182 860 2215 ,
911 2132 982 2199 &
1043 2131 1111 2197 in
1161 2135 1408 2202 caeteris
1463 2134 1855 2225 eloquentia:
1907 2133 2197 2223 partibus
2240 2186 2258 2220 ,
2312 2150 2457 2199 turn
2509 2136 2803 2202 maxime
2876 2135 2945 2201 in
2996 2135 3232 2201 celeri-

259 2246 391 2297 tate
439 2234 510 2301 &
569 2230 1068 2299 ‘continuatione
1125 2232 1476 2303 verborum
1527 2236 1971 2305 adhaerescens
2009 2290 2032 2326 ‚
2101 2234 2199 2308 sui
2258 2233 2619 2307 diffimilior
2674 2229 3021 2303 videbatur
3092 2235 3235 2303 fieri

255 2330 575 2419 quotidie.

358 2438 496 2503 Nos
545 2448 775 2503 autem
827 2457 965 2506 non
1019 2434 1522 2524 desistebamus,
1572 2461 1733 2509 cum
1783 2441 1970 2509 omni
2022 2460 2265 2530 genere
2313 2438 2842 2523 exercitationis,
2894 2453 3041 2503 tum
3094 2455 3235 2503 ma-

255 2534 437 2602 xime
488 2535 702 2622 stylo,
752 2540 1050 2606 nostrum
1101 2536 1308 2627 illud,
1357 2539 1533 2631 quoi
1579 2558 1764 2627 erat,
1815 2562 2058 2631 augere
2097 2594 2118 2627 ‚
2170 2556 2790 2631 quantumcumque
2838 2554 2981 2605 erat
3018 2586 3034 2603 .
3112 2544 3229 2607 At-

251 2656 383 2725 que
433 2647 460 2724 (
517 2652 596 2705 ut
651 2638 866 2709 multa
915 2640 1225 2707 omittam
1280 2654 1304 2728 )
1359 2643 1424 2708 in
1479 2640 1603 2711 hoc
1657 2642 1862 2730 spatio
1903 2697 1924 2730 ,
1978 2645 2049 2712 δι
2105 2644 2173 2708 in
2225 2644 2307 2709 iis
2358 2641 2493 2727 post
2540 2642 2915 2708 aedilitatem
2972 2641 3168 2704 annis
3207 2689 3228 2721 ,

253 2741 325 2807 &
386 2756 622 2826 praetor
673 2742 932 2827 primus
972 2791 993 2823 ,
1044 2742 1114 2809 &
1173 2741 1540 2809 incredibili
1594 2743 1888 2834 populari
1944 2744 2289 2813 voluntate
2341 2742 2489 2811 sum
2548 2740 2799 2808 fadius,
2855 2743 3035 2805 Nam
3074 2760 3236 2806 cum

251 2856 514 2926 propter
567 2839 998 2907 affiduitatem
1053 2842 1123 2906 in
1177 2842 1389 2911 causis
1447 2845 1518 2911 δε
1575 2844 1961 2911 industriam
2008 2896 2028 2929 ,
2095 2860 2241 2911 tum
2298 2859 2555 2932 propter
2626 2838 3014 2933 exquisitius
3058 2890 3080 2922 ‚
3154 2841 3227 2909 ὃς
3306 2918 3319 2941 Ι

249 2942 527 3007 minime
579 2937 855 3031 vulgare
903 2942 1218 3009 orationis
1269 2962 1480 3032 genus
1518 2996 1539 3028 ‚
1611 2946 1870 3015 animos
1918 2945 2273 3012 hominum
2328 2941 2413 3009 ad
2466 2963 2577 3010 me
2628 2939 2887 3011 dicendi
2944 2941 3231 3008 novitate

247 3058 708 3108 converteram
749 3091 764 3107 .
819 3042 1004 3108 Nihil
1055 3046 1140 3109 de
1191 3062 1298 3112 me
1349 3042 1574 3117 dicam
1594 3069 1618 3108 .·
1671 3046 1890 3114 dicam
1935 3047 2018 3112 de
2069 3047 2315 3113 caeteris
2349 3097 2370 3129 ‚
2440 3065 2727 3133 quorum
2786 3062 2983 3109 nemo
3030 3057 3231 3127 eram

247 3144 364 3230 qui
421 3142 750 3211 videretur
801 3142 1188 3230 exquisitius
1227 3196 1246 3226 ,
1301 3165 1506 3232 quam
1557 3146 1806 3235 vulgus
1853 3148 2215 3220 ‚hominum
2256 3197 2277 3229 ,
2328 3144 2631 3214 studuisse
2680 3144 2892 3216 literis
2922 3197 2950 3229 2
2994 3142 3232 3234 quibus

248 3244 400 3308 fons
453 3240 750 3327 perfetta?
799 3240 1186 3330 eloquentiae
1239 3245 1654 3310 continetur:
1703 3265 1940 3328 nemo,
1995 3250 2106 3334 qui
2159 3243 2647 3332 philosophiam
2697 3245 3087 3331 complexus
3132 3243 3231 3310 esl-

249 3343 384 3426 set,
437 3356 720 3407 matrem
769 3341 1080 3410 omnium
1132 3337 1296 3408 bene
1348 3341 1675 3416 faEtorum
1713 3393 1736 3428 ,
1807 3343 2100 3435 beneque
2169 3341 2503 3412 distorum
2545 3366 2562 3406 ι
2636 3362 2833 3410 neruo
2870 3392 2891 3424 ,
2960 3345 3075 3427 qui
3126 3343 3227 3419 ius

247 3441 445 3510 civile
495 3441 824 3511 didicisset
866 3494 889 3527 ,
937 3461 1080 3510 rem
1137 3442 1218 3508 ad
1266 3442 1554 3532 privatas
1603 3442 1838 3517 ,causas
1882 3495 1904 3530 ,
1951 3447 2023 3515 ἀ
2081 3443 2162 3509 ad
2213 3443 2499 3510 oratoris
2536 3441 2960 3534 prudentiam
2998 3491 3019 3524 ,
3088 3463 3230 3510 ma-

251 3546 435 3611 xime
483 3544 962 3613 necessariam:
1013 3563 1210 3611 nemo
1250 3597 1269 3630 ,
1338 3545 1452 3634 qui
1506 3547 1904 3619 memoriam
1973 3565 2199 3614 rerum
2254 3547 2713 3612 Romanarum
2754 3555 3085 3625 teneret,
3140 3562 3227 3608 ex

247 3667 380 3735 qua
420 3698 440 3732 ,
495 3646 543 3711 si
595 3646 870 3738 quando
925 3665 1092 3736 opus
1141 3643 1305 3712 esset
1341 3699 1370 3730 ,,
1417 3643 1502 3714 ab
1570 3647 1796 3714 inferis
1876 3643 2406 3738 locupietiffimos
2454 3641 2642 3710 testes
2692 3643 3057 3710 excitaret.-
3117 3661 3226 3709 nea·

243 3767 365 3815 mo
403 3798 423 3832 ,
477 3747 591 3836 qui
647 3747 933 3814 breviter
974 3798 997 3832 ,
1063 3764 1424 3836 arguteque
1477 3795 1499 3833 ,
1561 3747 1822 3817 incluso
1889 3747 2257 3836 adversario
2298 3797 2319 3829 ‚
2390 3747 2671 3844 laxaret.
2718 3744 3017 3821 iudicum
3084 3744 3225 3808 ani.

243 3868 435 3931 mos,
488 3865 684 3937 atque
734 3868 773 3915 a
828 3846 1171 3916 severitate
1222 3849 1548 3940 paulisper
1597 3849 1682 3916 ad
1729 3848 2132 3920 hilaritatem
2171 3899 2193 3932 ,
2242 3845 2585 3936 risumque.
2630 3845 3057 3916 traduceret:
3114 3862 3228 3913 ne·

244 3969 404 4034 mo,
456 3950 566 4037 qui
621 3946 896 4016 dilatare
946 3951 1159 4037 posset
1199 4001 1219 4034 ,
1270 3966 1469 4040 atque
1523 3970 1558 4016 a
1611 3951 1873 4046 propria
1929 3969 2006 4018 ac
2059 3947 2337 4018 definita
2390 3945 2827 4035 disputatione
2876 3947 3165 4016 hominis
3200 3995 3227 4032 ‚

243 4069 326 4118 ac
358 4047 743 4137 temporis,
794 4049 875 4117 ad
925 4043 1358 4124 communem
1408 4051 1697 4120 universi
1751 4052 2011 4140 generis
2058 4051 2426 4116 orationem
2482 4047 2852 4116 traduceret
2888 4071 2912 4110 .·
2966 4067 3163 4114 nemo
3202 4099 3225 4134 ,

243 4151 356 4240 qui
409 4148 780 4220 delestandi
838 4151 1054 4240 gratia·
1098 4150 1360 4240 digredi
1413 4149 1860 4241 parumperEt
1911 4153 2146 4219 caula:
2208 4170 2403 4217 nemo
2438 4201 2460 4234 ‚
2508 4149 2623 4239 qui
2677 4148 2762 4217 ad
2816 4145 3231 4220 iracundiam

241 4267 652 4340 magnopere
705 4251 991 4330 judicem
1025 4305 1047 4338 ,
1116 4273 1318 4321 nemo
1357 4303 1380 4339 ‚
1450 4255 1564 4342 qui
1634 4255 1719 4320 ad
1777 4250 2010 4320 fletum
2063 4249 2275 4342 posset
2326 4251 2645 4317 adducere
2682 4273 2707 4313 .-
2784 4270 2989 4317 nemo
3023 4301 3047 4334 ,
3112 4250 3229 4339 qui

243 4353 552 4422 animum
603 4352 753 4432 ejus
807 4365 832 4440 (
888 4353 1064 4444 quod
1110 4373 1330 4428 unum
1379 4351 1476 4426 ,est
1525 4353 1808 4428 oratoris
1857 4355 2151 4422 maxime
2197 4353 2593 4446 proprium)
2642 4371 3069 4446 quocumque
3121 4369 3225 4418 res

241 4452 634 4541 postularet,
690 4454 1092 4544 impelleret.

348 4557 596 4622 xc1V.
647 4559 922 4646 ltaque,
972 4577 1131 4627 cum
1185 4556 1320 4634 iarn
1367 4577 1538 4647 pene
1584 4556 1936 4624 evanuisset
1991 4551 2385 4621 Hortensius
2424 4604 2447 4638 ‚
2490 4554 2571 4626 ,δι
2622 4572 2753 4640 ego
2808 4573 2985 4622 anno
3036 4573 3227 4636 meo,

245 4652 432 4723 sexto
479 4671 706 4722 autem
755 4657 890 4744 post
935 4659 1138 4734 illum
1189 4657 1532 4728 consulem
1567 4711 1588 4743 ‚
1630 4657 1862 4726 consul
1920 4654 2135 4723 fastus
2188 4656 2378 4722 effem
2418 4707 2440 4740 ,
2514 4673 2825 4721 revocare
2879 4653 2941 4724 se
2984 4654 3070 4724 ,ad
3124 4654 3223 4718 in-

239 4756 558 4822 dustriam
609 4759 854 4844 caepim
912 4779 1036 4845 ne,
1083 4781 1246 4830 curn
1299 4779 1483 4849 pares
1535 4761 1786 4827 honore
1837 4757 2112 4826 essemus
2147 4809 2172 4843 ‚
2220 4757 2443 4848 aliqua
2496 4777 2569 4823 re
2624 4753 2989 4843 superiores
3045 4753 3222 4820 vide-

239 4875 512 4921 remur.
563 4857 669 4923 Sic
720 4857 1066 4927 duodecim
1137 4859 1275 4950 post
1347 4883 1574 4930 meum
1642 4861 2063 4928 consulatum
2133 4881 2341 4928 annos
2414 4859 2481 4925 in
2554 4858 2863 4928 maximis
2939 4851 3149 4925 causis
3202 4905 3225 4940 ‚

239 4975 400 5022 curn
454 4977 582 5046 ego
631 4957 798 5025 mihi
851 4958 1086 5048 illum,
1139 4959 1248 5029 fibi
1303 4985 1412 5031 me
1465 4964 1580 5032 ille
1634 4962 1983 5032 anteferret
2021 5015 2043 5048 ,
2091 4958 2611 5039 conjunffiffime
2662 4954 2901 5026 versati
2954 4951 3223 5030 fiamus:

233 5055 752 5150 consulatusque
803 5081 1036 5151 meus,
1088 5065 1200 5155 qui
1258 5065 1448 5136 illum
1504 5066 1724 5154 primo
1778 5064 2006 5136 leviter
2034 5060 2496 5152 perstrinxerat
2526 5111 2547 5147 ,
2596 5057 2769 5128 idem
2820 5076 2943 5126 nos
2996 5073 3229 5125 rerum

2948 5175 3124 5226 mea-
