4359 6321
1273 481 1396 638 3'4
1769 499 1939 592 DE
2001 495 2781 590 1NVENT10NE
2843 498 3575 592 RHETORJCA

1139 653 1295 700 nem
1345 647 1429 691 ex
1485 621 1618 692 illis
1657 673 1680 709 ,
1749 645 1892 712 quae
1963 637 2114 690 ante
2166 633 2483 706 praecepta
2534 617 2685 689 sunt
2735 669 2756 706 ‚
2824 617 2997 688 hanc
3052 637 3310 708 quoque
3376 620 3447 684 in
3498 635 3754 706 partem
3824 623 4129 692 orationis

1141 725 1491 799 transferri
1543 725 1892 814 oportebit.
1945 723 2467 806 Verumtamen,
2516 735 2588 786 ut
2640 719 2941 808 quaedam
2992 719 3330 807 praeceptio
3378 719 3567 788 detur
3618 719 3819 799 huius
3870 744 4135 815 quoque

1137 830 1339 922 partis
1372 875 1393 914 ,
1443 847 1850 916 exponemus
1903 819 2128 890 modos
2179 819 2743 912 reprehenfionis3
2790 844 2953 912 quos
3004 821 3117 912 qui
3170 818 3646 909 observabunt,
3702 823 3963 894 facilius
4012 843 4137 911 ea,

1135 954 1276 1024 quae
1329 947 1558 998 contra
1611 929 1916 996 dicentur
1949 975 1974 1008 ,
2021 924 2315 1009 diluere,
2367 940 2484 990 aut
2535 922 2880 992 infirmare
2930 939 3270 1013 poterunt.

1233 1036 1482 1101 Omnis
1528 1027 2008 1117 argumentatio
2057 1024 2549 1116 reprehenditur
2592 1077 2611 1114 ,
2661 1026 2711 1094 st
2765 1043 2877 1094 aut
2925 1046 3010 1092 ex
3065 1025 3182 1112 iis,
3228 1047 3373 1116 quae
3428 1023 3685 1114 sumpta
3741 1025 3939 1112 sunt,
3990 1045 4131 1094 non

1127 1136 1530 1205 conceditur·
1562 1127 1824 1218 aliquod
1873 1149 2088 1200 unum
2127 1178 2148 1213 ,
2218 1129 2531 1218 plurave:
2588 1145 2704 1196 aut
2742 1177 2765 1214 ‚
2831 1126 2931 1194 his
2983 1127 3291 1196 conceffis
3356 1179 3379 1214 ,
3448 1127 3831 1215 complexio
3879 1125 4135 1195 confici

1123 1257 1204 1303 ex
1257 1235 1360 1300 his
1409 1249 1747 1320 negatur:
1821 1245 1938 1298 aut
2000 1230 2050 1308 si
2105 1251 2316 1318 genus
2364 1227 2577 1317 ipsum
2631 1229 3226 1320 argumentationis
3296 1222 3606 1297 'vitiosum
3681 1227 4057 1298 ostenditur
4113 1247 4131 1292 :

1126 1349 1238 1402 aut
1309 1333 1357 1400 fi
1427 1349 1660 1400 contra
1731 1329 2016 1402 firmam·
2055 1332 2745 1421 argumentationem,
2798 1331 2929 1400 alia
2979 1353 3163 1421 aeque
3212 1327 3455 1416 firma,
3511 1345 3620 1398 aut
3675 1331 3938 1400 firmior
3994 1350 4121 1418 po-

1123 1435 1340 1505 nitur.
1396 1435 1494 1500 Ex
1548 1435 1672 1520 iis,
1719 1456 1862 1523 quae
1917 1431 2271 1500 sumuntur
2308 1483 2329 1518 ,
2407 1431 2653 1522 aliquid
2708 1456 2842 1502 non
2894 1431 3272 1500 conceditur
3310 1484 3332 1520 ‚
3403 1454 3561 1498 cum
3616 1447 3729 1500 aut
3785 1432 3889 1517 id,
3944 1430 4133 1519 quod

1123 1535 1425 1606 credibile
1475 1533 1744 1620 dicunt,
1793 1551 2074 1626 negatur
2121 1535 2247 1602 effe
2292 1533 2713 1610 hujusmodi:
2769 1550 2883 1604 aut
2932 1534 3110 1624 quod
3160 1529 3606 1620 ‘comparabile
3660 1549 3943 1624 putant3
3998 1528 4125 1596 dis-

1124 1637 1336 1704 simile
1387 1635 1780 1703 ostenditur:
1834 1653 1948 1704 aut
1999 1635 2369 1716 judicatum
2418 1637 2621 1704 aliam
2668 1637 2738 1703 iu
2793 1649 3047 1725 partem
3098 1633 3511 1720 traducitur,
3557 1649 3669 1702 aut
3708 1635 3985 1702 omnino
4026 1632 4129 1710 iu-

1124 1737 1372 1806 dicium
1422 1736 1878 1827 improbatur:
1933 1755 2050 1805 aut
2086 1792 2108 1825 ,
2153 1738 2331 1828 quod
2388 1738 2653 1829 fignum
2704 1739 2827 1804 effe
2876 1735 3230 1804 adversarii
3282 1735 3599 1802 dixerunt
3638 1785 3659 1820 ,
3711 1733 3777 1800 id
3828 1731 4129 1815 ejusmo-

1124 1840 1194 1906 di
1245 1856 1527 1927 negatur
1581 1842 1758 1907 effe:
1829 1856 1944 1908 aut
2013 1837 2060 1906 fi
2117 1841 2492 1929 complexio
2530 1889 2553 1924 ,
2619 1855 2735 1908 aut
2790 1859 2972 1925 una,
3022 1855 3135 1906 aut
3186 1853 3469 1927 utraque
3522 1858 3606 1903 ex
3660 1853 3843 1923 parte
3899 1855 4125 1921 repre-

1124 1939 1434 2008 henditur
1480 1963 1496 2005 :
1547 1956 1660 2008 aut
1712 1941 1759 2006 fi
1808 1943 2222 2010 enumeratio
2272 1939 2443 2008 falsa
2492 1939 2852 2011 ostenditur
2897 1963 2913 2001 ε
2967 1955 3081 2004 aut
3134 1935 3181 2004 fi
3238 1937 3515 2023 fimplex
3573 1936 3913 2002 conclusio
3970 1935 4127 2004 falfi

1123 2041 1378 2131 aliquid
1427 2043 1766 2111 continere
1817 2039 2333 2112 demonstratur.
2390 2043 2567 2108 Nam
2621 2061 2859 2124 omne,
2928 2037 3104 2126 quod
3160 2035 3439 2104 sumitur
3493 2032 3573 2096 ad
3630 2051 4117 2122 argumentan-

1119 2141 1320 2229 dum,
1373 2144 1508 2210 five
1556 2167 1674 2232 pro
1726 2139 2076 2230 probabili,
2129 2145 2261 2211 live
2312 2163 2435 2230 pro
2483 2139 2872 2227 necessarie,
2923 2135 3167 2206 necefl‘e
3218 2134 3309 2204 est
3362 2134 3664 2206 sumatur
3714 2155 3803 2202 ex
3854 2137 3965 2206 his
4024 2139 4123 2208 lo-

1119 2243 1216 2310 cis
1253 2295 1274 2330 ‚
1325 2259 1398 2314 ut
1447 2262 1598 2311 ante
1651 2243 2082 2312 ostendimus.
2206 2293 2214 2300 -

1211 2347 1465 2412 XLIII.
1521 2345 1720 2431 Qod
1773 2367 1892 2432 pro
1945 2343 2242 2415 credibili
2290 2345 2625 2430 sumptum
2674 2345 2803 2410 erit
2842 2393 2862 2426 ,
2914 2341 2979 2406 id
3032 2340 3476 2411 infirmabitur
3528 2393 3551 2429 ,
3598 2337 3646 2406 fi
3700 2354 3815 2408 aut
3867 2341 4125 2429 perspi-

1103 2463 1230 2512 eue
1283 2445 1527 2512 salsum
1576 2447 1702 2510 erit
1743 2495 1762 2526 ,
1815 2447 1941 2509 hoc
1994 2443 2249 2508 modo:
2305 2447 2524 2507 Nemo
2571 2439 2661 2506 est
2695 2494 2717 2525 ,
2768 2439 2883 2530 qui
2932 2461 3069 2506 non
3121 2441 3473 2526 pecuniam
3524 2491 3547 2526 ,
3596 2463 3801 2530 quam
3854 2441 4121 2534 sapien-

1107 2547 1272 2609 tiam
1324 2541 1549 2607 malit.
1605 2545 1743 2607 Aut
1791 2563 1872 2608 ex
1927 2543 2257 2608 contrario
2306 2561 2567 2632 quoque
2616 2539 2927 2610 credibile
2979 2541 3231 2630 aliquid
3280 2537 3541 2610 habebit
3578 2591 3599 2626 ,
3667 2541 3796 2610 hoc
3848 2544 4057 2612 modo
4096 2569 4123 2612 ε

1107 2643 1278 2725 Quis
1327 2639 1420 2706 est
1462 2689 1484 2726 ,
1531 2641 1642 2731 qui
1693 2663 1828 2709 non
1883 2641 2076 2708 officii
2127 2641 2429 2730 cupidior
2484 2643 2605 2728 fit,
2654 2663 2857 2734 quam
2910 2643 3253 2730 pecuniae?
3307 2647 3451 2739 Aut
3498 2643 3623 2712 erit
3674 2645 3955 2713 omnino
4010 2647 4119 2714 in..

1103 2739 1404 2810 credibile
1443 2791 1463 2826 ‚
1529 2759 1602 2808 ut
1655 2742 1700 2809 fi
1751 2741 1900 2834 quis
1937 2795 1958 2828 ,
2011 2765 2211 2832 quem
2262 2745 2507 2813 constet
2556 2744 2677 2811 effe
2726 2765 3011 2812 avarum
3053 2797 3074 2827 ,
3128 2744 3304 2811 dicat
3344 2798 3365 2829 ,
3416 2745 3701 2821 alicujus
3752 2747 4113 2816 mediocris

1099 2842 1292 2910 officii
1340 2841 1582 2929 causa,
1633 2841 1698 2911 se
1749 2845 2115 2912 maximam
2167 2845 2519 2934 pecuniam
2567 2845 2915 2935 neglexisse
2952 2891 2969 2910 .
3022 2847 3163 2910 Aut
3219 2843 3308 2929 fi,
3358 2846 3531 2934 quod
3586 2847 3655 2912 in
3711 2848 4115 2934 quibusdam

1097 2941 1290 3010 rebus
1323 2993 1346 3028 ,
1395 2959 1508 3018 aut
1558 2944 1933 3013 hominibus
1987 2945 2219 3014 accidit
2256 2996 2277 3033 ,
2326 2946 2395 3014 id
2443 2945 2749 3016 omnibus
2797 2947 3053 3014 dicatur
3106 2943 3226 3012 usu
3278 2948 3549 3012 evenire
3600 2997 3619 3032 ,
3673 2945 3798 3013 hoc
3849 2947 4049 3034 pasto
4091 2979 4111 3019 ε

1103 3044 1238 3126 Qui
1293 3061 1604 3132 pauperes
1651 3045 1842 3134 sunt,
1893 3049 1972 3124 iis
2021 3049 2351 3138 antiquior
2406 3046 2619 3118 officio
2672 3050 2947 3138 pecunia
2998 3045 3127 3114 est.
3186 3045 3323 3131 Qi
3379 3045 3563 3115 locus
3614 3045 3915 3117 desti-tus
3972 3049 4117 3136 est,

1095 3146 1164 3213 in
1215 3167 1296 3211 eo
1343 3144 1589 3213 caedem
1645 3148 1888 3217 fastam
1939 3148 2060 3216 effe
2109 3168 2363 3239 oportet
2404 3198 2420 3218 .
2502 3153 2602 3217 In.
2632 3151 2782 3221 loco
2829 3147 3070 3220 celebri
3120 3149 3323 3218 homo
3372 3147 3581 3217 occidi
3634 3151 3751 3242 qui
3801 3152 4023 3240 potuit
4070 3157 4110 3218 ,ἓ

1098 3250 1239 3313 Aut
1293 3245 1339 3312 fi
1389 3246 1500 3333 id,
1549 3246 1726 3340 quod
1779 3270 1938 3316 raro
1991 3249 2070 3317 fit
2109 3302 2128 3337 ,
2177 3252 2321 3320 fieri
2374 3257 2653 3321 omnino
2704 3270 2983 3343 negatur
3027 3278 3046 3340 3
3099 3260 3175 3318 ut
3224 3253 3428 3319 Curio
3478 3256 3620 3339 (88
3664 3266 3687 3341 )
3759 3275 3877 3342 pro
3932 3255 4104 3323 Ful-

1091 3347 1202 3414 vio
1245 3370 1262 3411 :
1317 3347 1532 3414 Nemo
1579 3350 1780 3437 potest
1832 3371 1964 3419 uno
2013 3351 2316 3441 aspectu,
2368 3376 2579 3445 neque
2628 3358 2999 3446 praeteriens
3040 3400 3061 3437 ,
3110 3356 3177 3423 in
3235 3373 3533 3421 amorem
3590 3355 3923 3423 incidere.

1191 3449 1390 3529 Qod
1437 3464 1664 3517 autem
1714 3470 1840 3538 pro
1889 3452 2076 3542 figno
2127 3453 2469 3544 sumetur,
2519 3456 2588 3523 id.
2638 3478 2723 3525 ex
2772 3456 3001 3525 iisdem
3056 3455 3261 3543 locis,
3314 3456 3550 3545 quibus
3602 3457 4102 3549 confirmatur,

1087 3546 1568 3615 infirmabitur.
1621 3554 1800 3617 Nam
1851 3550 1918 3618 in
1942 3552 2167 3642 ligno,
2218 3556 2513 3645 primum
2568 3580 2811 3629 verum
2862 3560 2985 3628 effe
3033 3556 3281 3626 ostendi
3321 3574 3611 3645 oportet:
3664 3558 3894 3625 deinde
3948 3564 4107 3639 ejus

1085 3642 1208 3709 effe
1259 3646 1350 3707 rei
1407 3642 1670 3731 signum
1723 3654 2104 3733 proprium,
2153 3678 2285 3738 qua
2332 3658 2415 3723 de
2468 3680 2539 3724 re
2592 3664 2811 3747 agitur
2859 3713 2880 3746 ,
2930 3678 3004 3727 ut
3056 3682 3361 3729 cruorem
3412 3660 3643 3729 caedis:
3694 3662 3937 3730 deinde
3996 3665 4107 3730 fa·-

1084 3738 1270 3809 &um
1317 3736 1456 3808 esse
1490 3792 1511 3827 ‚
1581 3744 1755 3832 quod
1805 3764 1936 3810 non
1988 3750 2349 3833 oportuerit
2388 3777 2409 3834 ‚·
2490 3770 2603 3815 aut
2660 3776 2793 3819 non
2848 3759 3101 3821 fastum
3154 3810 3175 3841 ,
3246 3762 3425 3843 quod
3478 3766 3835 3846 oportuerit
3876 3792 3899 3851 ,-
3982 3790 4106 3855 po-

1083 3838 1324 3911 stremo
1375 3840 1564 3909 scisse
1609 3864 1764 3912 eum
1807 3894 1827 3928 ‚
1895 3842 1976 3910 de
2025 3867 2158 3935 qua
2210 3850 2521 3938 quaeritur
2576 3900 2597 3933 ,
2667 3852 2815 3934 ejus
2884 3855 2977 3917 rei
3051 3854 3271 3939 legem
3342 3858 3411 3923 &
3493 3859 4099 3936 consuetudinem.

1082 3946 1260 4008 Nam
1313 3963 1404 4009 eae
1458 3962 1562 4010 res
1614 3944 1758 4010 sunt
1815 3945 1998 4033 figno
2049 3948 2427 4018 attributaet
2480 3970 2643 4040 quas
2693 3950 3080 4039 diligentius
3136 3952 3504 4039 aperiemus
3547 4008 3567 4040 ,
3617 3979 3775 4025 cum
3830 3963 4104 4049 separa..

1079 4042 1199 4107 tim
1253 4041 1332 4107 de
1387 4040 1519 4131 ipsa
1569 4043 1996 4121 coniceturali
2051 4050 2515 4133 constitutione
2586 4056 2734 4137 (89
2770 4062 2807 4138 ),
2867 4051 3161 4137 dicemus
3200 4100 3215 4118 .
3293 4055 3469 4143 Ergo
3517 4056 3759 4123 horum
3831 4082 4104 4134 unum.

1079 4143 1378 4241 quodque
1435 4146 1502 4210 iu
1553 4144 2098 4238 reprehensione,
2149 4150 2265 4226 aut
2316 4175 2447 4221 non
2502 4151 2637 4219 esse
2684 4152 2921 4242 fign03·
2964 4171 3081 4222 aut
3128 4162 3367 4243 parum
3427 4173 3675 4247 magno
3724 4162 3915 4248 esset,
3972 4186 4101 4241 aut

1076 4265 1112 4311 a
1167 4242 1230 4311 se
1284 4246 1538 4331 potius,
1585 4265 1790 4336 quam
1843 4250 1922 4313 ab
1966 4252 2359 4335 adversariis.
2398 4254 2599 4341 stare,
2654 4274 2769 4324 aut
2818 4256 3093 4324 omnino
3144 4256 3308 4325 falso
3358 4257 3533 4347 dici,
3585 4282 3698 4330 aut
3755 4267 3823 4331 in
3876 4266 4101 4340 aiiam

1073 4364 1330 4437 quoque
1387 4346 1822 4436 suspicionem
1869 4348 2023 4420 duci
2078 4355 2307 4443 posse,
2355 4357 2937 4427 demonstrabitur.

3714 4474 3979 4544 XLIV.

1079 4602 4095 4711 M—

1139 4730 1298 4807 (38)
1341 4738 1544 4801 eurio)
1583 4736 1761 4817 vulgo
1782 4745 2004 4825 curius.-
2045 4741 2138 4800 αα
2174 4746 2511 4807 manifestum
2686 4754 2846 4821 (⁸9)
2888 4753 3689 4826 cmnnmauconstimsione)
3730 4755 4092 4839 mxuma·

1065 4792 1272 4862 est,h1c
1307 4803 1596 4873 legendum
1633 4814 1735 4867 cue
1775 4818 1938 4870 Cu„
1972 4853 1987 4871 ,
2037 4817 2185 4897 Nun·
2222 4818 2337 4875 1120
2380 4840 2507 4900 γεμ-
2608 4822 2901 4901 ςοχαςικὲ
2936 4820 3134 4891 calcu.
3174 4826 3349 4883 Status
3384 4825 3461 4884 est
3498 4828 3776 4886 Oratoriae
3814 4832 4093 4905 quaestio'-

1064 4870 1156 4937 ba,
1196 4880 1558 4957 Nemo-potest
1591 4920 1608 4963 ρ
1662 4878 1787 4961 sunt
1839 4904 1906 4941 ex
1944 4888 2503 4971 Cu¹·¹0¹1¹³.9¹'²3‘¹0¹¹⁶
2606 4914 2693 4952 ¹¹¹⁸
2730 4937 2746 4962 ι
2792 4914 2943 4969 ‘luam
2980 4900 3149 4968 ‘'¹¹¹3‘’
3176 4896 3323 4968 fam
3374 4898 3467 4958 vel
3519 4898 3585 4959 de
3611 4898 3768 4973 sam
3826 4912 4086 4989 Pam-⁰-

1061 4960 1166 5010 pro
1215 4946 1414 5026 Fulvio
1467 4950 1535 5035 de
1591 4960 1792 5037 incestu
1836 4997 1851 5020 ,
1917 4976 2068 5029 quam
2118 4963 2511 5043 extitiflefuis
2613 4986 2735 5024 nem
2790 4968 3157 5042 appellamus.
3212 4970 3355 5029 Vide
3406 4992 3523 5044 quae
3586 4994 3976 5042 annotavimus
4012 4981 4085 5041 ad

1057 5020 1388 5093 temporlbus
1436 5026 1641 5105 clem
1679 5048 1739 5085 ln
1781 5037 1948 5085 Bruto
1973 5048 1994 5094 5'
2039 5050 2152 5103 Cap.
2192 5052 2283 5109 32·
2334 5034 2507 5106 dssCit,
2612 5058 2727 5112 (η)-
2790 5050 2841 5099 8·
2881 5060 3002 5101 not·
3044 5064 3125 5115 19·
3166 5048 3655 5117 CUPBYOWW‘RS·

1058 5083 1403 5163 nobilemque
1437 5093 1668 5158 habitam
1703 5096 1833 5158 effe.
1877 5102 2159 5173 Ernestus.
3246 5140 3257 5149 ’
3534 5128 3539 5145 ⁵
