4359 6321
1250 455 1439 581 236
1797 428 3222 536 .DEoR;AT0R12·

1115 576 1199 645 ad
1250 574 1583 643 summam
1632 564 1919 659 gloriam
1968 561 2355 652 eloquentiae
2410 554 2770 628 florescenti
2809 612 2830 645 ,
2879 559 3052 627 ferro
3097 572 3322 647 erepta
3371 555 3507 623 vita
3557 555 3650 627 est
3688 609 3710 644 ,
3761 561 3834 631 δι
3891 586 4095 654 poena

1114 671 1496 745 temeritatis
1558 692 1687 739 non
1744 666 1879 737 fine
1930 683 2188 755 magno
2233 658 2602 751 reipublicae
2653 660 2836 728 malo
2881 660 3270 729 constituta.

1218 778 1361 862 Ego
1415 790 1575 842 vero
1625 784 1732 855 te,
1780 765 2053 852 Crasse,
2098 783 2262 835 cum
2319 762 2465 829 vitae
2519 758 2681 829 flore
2716 813 2740 847 ,
2789 776 2938 829 tum
2991 764 3220 830 mortis
3271 759 3758 847 opportunitate
3795 812 3818 847 ,
3869 762 4100 837 divino

1113 872 1388 948 consilio
1436 874 1509 947 δε
1566 886 1790 939 ortum
1844 870 1914 939 δε
1968 864 2345 933 extinthrm
2391 862 2514 929 effe
2568 862 2888 931 arbitror,
2934 864 3114 928 Nam
3163 857 3278 927 tibi
3329 875 3442 927 aut
3493 880 3614 949 pro
3665 862 3909 932 virtute
3957 868 4102 937 ani.

1112 978 1209 1046 mi
1250 1022 1274 1059 ‚
1342 972 1839 1060 constantiaque
1874 984 2011 1035 ‚tna
2062 964 2280 1032 civilis
2329 962 2485 1031 ferri
2541 960 2872 1029 subeunda
2931 962 3054 1029 fuit
3106 959 3493 1048 crudelitaS,
3543 978 3697 1050 aut,
3749 962 3796 1030 fi
3851 987 3984 1055 qua
4033 986 4100 1041 te

1112 1079 1390 1147 fortuna
1441 1072 1522 1139 ab
1572 1070 1920 1145 atrocitate
1966 1067 2204 1133 mortis
2257 1062 2629 1131 vindicaffet
2665 1115 2688 1149 ,
2754 1062 2984 1131 eadem
3031 1061 3170 1129 esse
3220 1076 3281 1129 te
3332 1064 3644 1133 funerum
3693 1066 3912 1152 patriae
3965 1074 4105 1159 spe.

1114 1176 1437 1247 statorem
1488 1169 1807 1261 coegisset
1844 1192 1865 1234 π
1934 1186 2146 1254 neque
2221 1162 2438 1231 solum
2507 1161 2620 1230 tibi
2688 1164 3134 1252 improborum
3202 1162 3591 1231 dominatus
3631 1216 3652 1250 ,
3723 1164 3831 1233 sed
3901 1176 4104 1243 etiam

1116 1290 1376 1367 propter
1434 1270 1779 1343 admistam
1831 1266 2083 1339 civium
2138 1262 2428 1349 caedem,
2477 1263 2806 1333 bonorum
2863 1264 3138 1333 vitioria
3191 1265 3468 1331 moerori
3519 1264 3780 1334 fuisset.

1223 1377 1345 1441 lv.
1396 1373 1570 1441 Mihi
1620 1368 1929 1459 quidem,
1976 1363 2230 1449 Qinte
2282 1363 2524 1450 frater,
2575 1368 2644 1436 &
2700 1385 2932 1433 eorum
2985 1363 3216 1451 casus,
3263 1364 3345 1430 de
3393 1364 3631 1453 quibus
3681 1384 3838 1437 ante
3887 1370 4026 1441 dixi
4069 1426 4096 1463 ,

1117 1478 1188 1549 δε
1246 1493 1367 1558 ea,
1416 1494 1559 1562 quae
1612 1467 1984 1555 nosmetipsi
2036 1462 2125 1531 ob
2174 1485 2478 1535 amorem
2523 1467 2593 1533 in
2649 1465 3125 1556 rempublicam
3177 1463 3630 1535 incredibilem
3685 1470 3754 1539 &
3817 1470 4101 1562 singula-

1117 1596 1265 1646 rem
1316 1575 1713 1661 pertulimus
1756 1620 1777 1655 ,
1827 1588 1901 1635 ac
1959 1564 2330 1654 sensimus,
2379 1567 2706 1656 cogitanti
2759 1567 3073 1635 sententia
3126 1565 3285 1656 saepe
3337 1582 3448 1637 tua
3502 1588 3657 1637 vera
3711 1590 3788 1640 ac
3844 1570 4099 1663 sapiens

1121 1676 1337 1746 videri
1391 1670 1593 1758 solet,
1649 1670 1767 1760 qui
1820 1684 2081 1757 propter
2130 1684 2288 1754 tot,
2327 1684 2540 1737 tantos
2577 1720 2601 1754 ,
2649 1686 2918 1759 tamque
2967 1669 3328 1757 praecipites
3367 1668 3554 1740 casus
3607 1670 4107 1747 clariffimorum.

1118 1775 1474 1849 hominum
1513 1824 1541 1858 ,
1585 1786 1785 1861 atque
1837 1770 2254 1859 optimorum
2304 1770 2602 1839 virorum
2641 1822 2664 1856 ,
2731 1791 2843 1839 me
2895 1769 3140 1859 semper
3193 1767 3280 1837 ab
3323 1772 3510 1839 omni
3559 1778 3978 1845 contentione
4031 1801 4105 1847 ac

1118 1874 1546 1945 dimicatione
1600 1870 1975 1939 revocasti.
2044 1871 2169 1939 Sed
2227 1873 2540 1960 quoniam
2607 1872 2748 1940 haec
2817 1872 2960 1950 iam·
3023 1890 3238 1960 neque
3308 1874 3376 1939 in
3429 1874 3688 1963 integro
3739 1876 3927 1945 nobis
3971 1880 4108 1947 esse

1119 1976 1388 2067 possunt
1422 2027 1449 2061 ,
1502 1976 1571 2045 δι
1633 1971 1875 2044 sununi
1932 1970 2190 2039 labores
2241 1962 2438 2038 nostri
2481 2024 2504 2059 ,
2575 1992 2824 2062 magna
2873 1970 3266 2059 compensati
3316 1972 3533 2062 gloria
3568 2026 3591 2060 ,
3659 1978 4049 2066 mitigantur
4086 2032 4108 2067 ,

1118 2095 1477 2169 pergamus
1528 2074 1608 2141 ad
1656 2093 1741 2141 ea
1790 2071 2079 2160 solat-ia,
2149 2095 2292 2163 quae
2341 2093 2476 2141 non
2531 2074 2738 2141 modo
2789 2072 3022 2141 sedatis
3073 2071 3385 2142 molestiis
3459 2074 3749 2154 jucunda
3782 2128 3803 2163 ,
3873 2078 3998 2145 sed.
4035 2102 4105 2148 e.

1117 2180 1283 2245 tiam
1336 2174 1728 2244 haerentibus
1774 2224 1796 2259 ,
1851 2170 2155 2241 salutaria
2215 2170 2402 2241 nobis
2447 2174 2587 2243 esse
2639 2174 2968 2262 possunt-,-
3027 2171 3526 2267 sermonemque
3575 2182 3648 2245 Ι..
3677 2177 3870 2245 craeffi
3931 2181 4100 2247 ‚reli-

1118 2297 1337 2371 quum
1364 2330 1393 2361 ,
1431 2298 1509 2349 ac
1565 2294 1730 2363 pene
1802 2272 2206 2363 postremum
2261 2276 2598 2345 memoriae
2649 2274 3012 2364 prodamus
3057 2300 3082 2341 ε.
3127 2292 3324 2364 atque
3372 2277 3430 2345 ei
3453 2329 3486 2362 ,.
3523 2277 3634 2347 etli
3691 2298 4104 2369 nequaquam

1120 2398 1348 2469 parem
1406 2377 1595 2443 illius
1645 2375 1917 2464 ingenio
1968 2428 1989 2460 ‚
2058 2390 2125 2441 at
2177 2395 2296 2463 pro
2347 2374 2566 2441 nostro
2616 2391 2840 2443 tamen
2889 2374 3104 2445 studio
3153 2379 3463 2444 meritam
3515 2381 3799 2467 gratiam
3849 2432 3872 2465 ,
3933 2378 4114 2446 debi-

1118 2496 1392 2569 tamque
1446 2476 1813 2547 referamus
1852 2522 1869 2541 .
1945 2478 2182 2565 Neque
2251 2476 2434 2541 enim
2477 2472 2832 2567 quisquam
2901 2475 3206 2543 nostrum
3251 2528 3273 2563 ,
3337 2499 3497 2549 cum
3573 2479 3770 2549 libros
3823 2479 4118 2548 Platonis.

1124 2577 1515 2646 mirabiliter
1573 2573 1846 2663 scriptos
1896 2573 2107 2664 legit,
2158 2577 2224 2641 in
2278 2572 2516 2665 quibus
2565 2574 2875 2645 omnibus
2927 2576 3066 2644 fere
3107 2582 3412 2647 Socrates
3451 2582 3903 2668 exprimit-ur,
3942 2602 4126 2668 non,

1126 2694 1511 2772 quanquam
1562 2674 1683 2743 illa
1737 2674 1973 2763 scripta
2044 2675 2194 2743 sunt
2245 2678 2630 2764 divinitus,
2695 2694 2919 2747 tamen
2975 2678 3196 2757 majus
3261 2682 3570 2766 quiddam
3639 2683 3724 2750 de
3793 2681 3914 2749 illo
3951 2732 3974 2766 ,
4035 2680 4118 2747 de

1128 2799 1261 2869 quo
1315 2774 1563 2863 scripta
1614 2773 1819 2859 sunt,
1865 2773 2261 2864 suspicatur.
2317 2776 2520 2865 Qod
2570 2779 2734 2843 item
2779 2797 2916 2841 nos.
2955 2774 3372 2861 postulamus.
3405 2800 3554 2846 non.
3595 2800 3634 2847 a
3683 2798 3747 2846 te
3798 2780 4128 2869 quidem,

1130 2878 1245 2975 qui
1296 2872 1481 2945 nobis
1539 2874 1801 2949 summa
1851 2877 2079 2941 omnia
2130 2872 2408 2957 tribuis,
2458 2873 2566 2939 sed
2617 2896 2654 2941 a
2692 2876 3001 2957 -caeteris,
3053 2876 3166 2962 qui
3215 2875 3352 2945 haec
3405 2882 3474 2947 in
3526 2898 3767 2945 manus
3824 2880 4136 2965 sument,

1131 2994 1209 3048 ut
1262 2976 1481 3053 majus
1532 2972 1851 3064 quiddam
1902 2975 1983 3042 d'e
2036 2978 2111 3043 L.
2131 2972 2408 3058 Crasso,
2457 2992 2662 3061 quam
2709 2988 3035 3061 quantum
3089 2991 3127 3040 a
3181 2972 3366 3043 nobis
3411 2978 3818 3064 exprimetur
3850 3030 3882 3063 „
3921 2978 4124 3069 suspi-

1138 3092 1421 3147 centur..
1464 3078 1609 3145 Nos
1657 3078 1889 3162 enim,
1934 3075 2047 3165 qui
2097 3073 2216 3162 ipsi
2269 3073 2551 3142 sermoni
2607 3094 2741 3141 non
2789 3070 3364 3163 interfuissemus,
3417 3079 3488 3146 δε
3544 3074 3790 3166 quibus..
3831 3084 4122 3153 C.Cotta

1140 3177 1603 3248 tantummodo
1658 3178 1837 3246 locos
1878 3230 1899 3263 ,
1951 3198 2030 3245 ac
2080 3171 2434 3246 sententias
2481 3175 2686 3255 hujus
2733 3171 3185 3262 disputationis
3233 3177 3586 3246 tradidisset
3639 3230 3660 3263 ,
3711 3201 3844 3268 quo
3891 3183 3961 3250 i'n
4008 3203 4130 3271 ge-

1142 3299 1301 3350 nere
1352 3279 1679 3350 orationis.
1714 3267 2077 3367 utrumque
2124 3295 2461 3347 oratorem
2511 3294 3038 3368 cognoveramus
3075 3329 3106 3364 ,
3166 3276 3444 3366 idipsum
3496 3278 3722 3348 sumus
3775 3281 3840 3348 in
3889 3303 4128 3353 eorum

1146 3381 1449 3450 sermone
1504 3383 1895 3452 adumbrare
1945 3379 2222 3447 conati.
2289 3376 2485 3462 Quod
2538 3377 2585 3445 fi
2639 3378 2788 3468 quis
2837 3376 2960 3442 etit
2999 3429 3020 3464 ,
3070 3379 3192 3466 qui
3231 3378 3469 3448 duetus
3521 3381 3824 3468 opinione
3875 3383 4060 3470 vulgi
4099 3436 4138 3472 ,5

1152 3499 1269 3552 aut
1326 3483 1705 3555 Antonium
1758 3481 2198 3565 ieiuniorem,
2253 3497 2367 3552 aut
2413 3477 2730 3564 Crassum
2780 3472 2984 3544 fuisse
3035 3478 3404 3566 pleniorem.
3443 3495 3666 3570 putet,
3709 3500 3908 3568 quam
3956 3501 4120 3570 quo-

1152 3580 1357 3650 modo
1404 3602 1451 3648 a
1500 3583 1699 3652 nobis.
1736 3598 2009 3672 uterque
2060 3579 2371 3650 induistus
2419 3579 2510 3646 est
2545 3605 2578 3647 ι.
2621 3581 2675 3646 is
2723 3577 2850 3644 erit
2897 3595 2982 3642 ex
3036 3579 3152 3667 iis,
3198 3583 3313 3670 qui
3366 3598 3478 3650 aut
3530 3581 3678 3650 illos.
3721 3601 3852 3645 non
3902 3581 4134 3648 audie-

1152 3682 1299 3764 rit,
1339 3697 1451 3748 aut
1506 3684 1799 3760 iudicare
1852 3703 1989 3749 non
2040 3680 2222 3768 poffit
2273 3693 2472 3770 (ιχ)
2525 3727 2555 3746 ..
2615 3684 2798 3747 Nam
2849 3673 2976 3741 fuit
3029 3697 3302 3774 uterque
3367 3697 3503 3772 (ut
3544 3679 3822 3770 exposui
3881 3691 4128 3770 antea)

1157 3798 1320 3848 cum
1376 3771 1631 3866 studio,
1680 3798 1881 3873 atque
1928 3781 2240 3869 ingenio,
2293 3783 2366 3850 &
2419 3779 2716 3847 doarina
2767 3774 3076 3868 praestans
3121 3779 3422 3850 omnibus
3458 3832 3479 3868 ,
3527 3795 3673 3848 tum
3721 3784 3796 3848 in
3851 3777 3966 3850 suo
4017 3801 4136 3872 ge-

1154 3898 1313 3949 nere
1363 3879 1688 3969 petre-stus
1724 3908 1760 3970 ,χ
1819 3897 1894 3950 ut
1946 3901 2161 3974 neque
2212 3883 2284 3948 in
2333 3882 2636 3948 Antonio
2685 3879 2932 3950 deesset
2984 3876 3093 3946 hic
3149 3895 3424 3948 ornatus
3475 3882 3788 3951 orationis
3825 3933 3848 3969 ,
3916 3902 4138 3972 neque

1162 3980 1231 4046 in
1279 3979 1515 4049 Crasso
1564 3979 1999 4050 redundaret..
2671 3989 2676 3996 '

1262 4085 1364 4149 V..
1419 4085 1514 4147 Ut
1568 4081 1768 4172 igitur
1820 4099 1971 4148 ante
2019 4079 2374 4150 meridiem.
2429 4079 2870 4152 discesserunt
2901 4137 2922 4170 ,
2990 4077 3480 4168 paululumque-
3537 4081 3922 4169 requierunt
3973 4135 4010 4170 ,.
4063 4082 4134 4148 in

1164 4176 1393 4270 primis
1448 4185 1575 4252 hoc
1628 4201 1663 4246 a
1718 4183 1782 4249 se
1836 4187 2041 4250 Cotta
2086 4177 2622 4250 animadversum
2670 4179 2808 4254 esse
2855 4179 3164 4266 dicebat,
3214 4199 3418 4249 omne
3464 4177 3634 4246 illud
3688 4197 3946 4268 tempus
3997 4203 4138 4250 me·

1162 4283 1505 4352 ridianum
1544 4279 1865 4356 Ctassum„
1902 4283 1983 4350 in
2022 4287 2358 4354 acerrima
2397 4299 2596 4372 atque
2653 4283 3061 4352 attentiffima
3111 4281 3512 4371 cogitatione
3559 4279 3842 4370 posuisse
3883 4307 3901 4348 ε
3948 4281 4134 4388 ,ἱεῖς-

3863 4405 3992 4474 aue

1114 4771 1120 4778 .
1242 4723 1271 4782 (
1300 4723 1405 4786 17)
1442 4727 1569 4781 Nm
1596 4722 1849 4780 audierit·
1876 4760 1895 4789 ,
1931 4736 2043 4778 aut
2074 4720 2325 4790 judicare
2357 4739 2464 4778 non
2492 4719 2611 4791 pos·
2709 4722 2837 4778 illos
2859 4761 2876 4786 ‚
2911 4720 3016 4778 rite
3049 4719 3104 4778 se
3143 4719 3289 4777 uitur
3323 4735 3436 4774 non
3467 4716 3757 4777 audierint
3792 4757 3809 4783 ,
3841 4733 3952 4774 aut
3983 4715 4140 4794 ''²8⁴⁸'-

1157 4787 1285 4862 ste)
1324 4789 1413 4872 Ut
1450 4789 1587 4848 bene
1623 4788 1689 4871 se·
1711 4790 1903 4850 habeat
1938 4789 2238 4855 sententia,
2275 4793 2330 4867 ὃς
2367 4787 2443 4869 ad,
2471 4809 2610 4848 nor-
2711 4812 2834 4848 aare
2869 4810 2992 4870 non·
3044 4739 3241 4870 offae-0
3275 4786 3452 4868 Facile
3483 4786 3606 4847 fieri
3643 4788 3872 4867 permit,-
3909 4805 3969 4844 ut
4007 4786 4140 4843 lite-

1176 4879 1315 4919 mam
1354 4861 1554 4932 linguae
1574 4864 1781 4920 latinae
1816 4859 2107 4934 procedat,
2144 4861 2347 4918 necesse
2386 4860 2607 4920 videtur
2711 4881 2766 4918 ra
2815 4881 2854 4916 n
2891 4881 2918 4918 a
2955 4861 2994 4918 lx
3039 4879 3191 4918 rarus
3225 4877 3572 4920 omitteretur
3603 4901 3622 4926 ‚
3673 4879 3810 4918 cum.
3832 4861 3976 4918 linea
4015 4859 4141 4916 bre-

1178 4931 1359 5001 leeere
1393 4951 1511 4992 cum
1546 4931 1681 4992 ΜΒ.
1718 4933 1888 4992 Cant.
1922 4933 2250 4998 audierint,
2288 4928 2359 4997 ό·
2387 4927 2606 5005 poffint.
2709 4932 2785 4992 xi·
2811 4931 2968 5006 supra
3003 4931 3247 4992 votalem
3281 4929 3438 4994 dueta
3449 4931 3681 5006 exprimi
3709 4927 3939 4991 soleret.
3977 4938 4152 4990 Pur-

1176 5003 1323 5062 Cum
1360 5002 1508 5063 enirn
1524 5001 1878 5078 praecesserit,
1910 5007 1972 5063 is-
2001 5008 2105 5063 m't
2140 5003 2332 5075 exjis‘s,
2369 5020 2466 5078 qm
2500 5019 2608 5064 aur
2711 5007 2876 5060 ems...
