4359 6321
1223 435 1413 523 224
1966 400 2202 494 DE
2323 387 3292 495 οκἈτοκΕ

1088 542 1376 600 ‹aeterae.·
1432 523 1537 591 vel
1591 520 1805 617 quia',
1872 519 1921 590 fi
1974 543 2105 612 quo
2156 520 2290 589 alio
2339 521 2408 588 in
2477 519 2626 588 loco
2695 518 2788 589 est
2859 519 3109 591 difitum
3162 520 3321 614 quid
3375 514 3713 591 obscurius
3755 572 3780 607 ‚
3828 532 4108 598 tantum

1094 631 1165 697 id
1216 626 1427 717 perit,
1476 626 1661 713 quod
1709 627 1801 692 ita
1852 622 2109 691 dietum
2160 620 2309 691 est:
2361 622 2651 690 narratio
2699 618 2980 690 obscura
3047 638 3259 691 totam
3311 620 3598 692 obcaecat
3665 626 4035 693 orationem
4087 650 4112 695 ε

1098 728 1209 803 vel
1260 726 1437 816 quod
1489 726 1617 793 alia
1667 723 1853 814 poffis
1894 776 1915 809 ,
1969 722 2169 791 semel
2221 722 2271 791 fi
2319 720 2662 791 obscurius
2713 720 2961 791 dixeris
2993 775 3016 810 ,
3084 724 3306 795 dicere
3359 725 3493 793 alio
3541 724 3694 792 loco
3766 725 4032 813 planius
4082 752 4110 816 ς

1092 827 1486 895 narrationis
1536 847 1717 897 unus
1770 823 1861 893 est
1917 827 1988 892 in
2041 821 2238 891 causa
2291 824 2519 895 locus.
2569 824 2714 891 Erit
2763 838 2986 891 autem
3038 824 3379 913 perspicua
3426 824 3724 893 narratio
3760 876 3781 911 ,
3855 826 3900 899 fi
3955 846 4112 897 ver-

1095 926 1193 995 bis
1243 929 1493 995 usitatis
1532 978 1553 1015 ‚
1603 928 1650 995 fi
1702 926 1938 995 ordine
1986 938 2365 1013 temporum
2417 924 2847 1012 conservam,
2895 924 2946 993 fi
2986 946 3118 993 non
3163 927 3522 1016 interrupte
3575 921 3997 996 narrabitur.

1196 1032 1509 1096 LXXXI.
1563 1027 1687 1095 Sed
1743 1025 2015 1117 quando
2061 1026 2392 1099 utendum
2449 1028 2526 1094 fit
2561 1079 2584 1113 ‚
2637 1040 2752 1093 aut
2805 1047 2942 1094 non
2992 1025 3072 1094 fit
3125 1030 3502 1098 narratione
3539 1078 3564 1113 ‚
3614 1028 3686 1095 id
3733 1024 3824 1095 est
3871 1024 4094 1097 confi·

1092 1131 1223 1199 lii.
1293 1132 1524 1217 Neque
1586 1129 1768 1195 enim
1836 1126 1883 1194 fi
1936 1141 2092 1195 nota
2162 1149 2271 1196 res
2344 1128 2495 1216 est,
2567 1148 2692 1196 nec
2741 1126 3022 1197 dubium
3077 1129 3236 1220 quid
3292 1126 3548 1221 gestum
3618 1126 3696 1195 fit
3739 1181 3759 1215 ‚
3834 1132 4118 1199 narrari

1093 1244 1405 1318 oportet3
1462 1250 1582 1297 nec
1634 1229 1683 1296 fi
1737 1228 2153 1317 adversarius
2207 1231 2546 1315 narravit,
2596 1229 2719 1297 nifi
2771 1230 2819 1298 fi
2873 1229 3300 1299 refellemus:
3355 1249 3432 1298 ac
3475 1280 3500 1318 ,
3551 1228 3602 1295 fi
3651 1228 3922 1321 quando
3967 1230 4114 1298 erit

1091 1329 1501 1399 narrandum
1539 1383 1559 1414 ‚
1632 1352 1717 1399 ne
1767 1330 1887 1397 illa
1926 1384 1949 1416 ‚
2018 1352 2163 1419 quae
2217 1328 2653 1420 suspicionem
2710 1333 2781 1401 &
2839 1334 3096 1399 crimen
3148 1330 3433 1401 efficient
3475 1384 3498 1419 ‚
3564 1350 3929 1422 contraque
3980 1350 4112 1401 nos

1084 1444 1281 1498 erunt
1323 1482 1346 1515 ,
1413 1432 1647 1497 acriter
1698 1429 2163 1523 persequamur
2204 1456 2225 1520 3
2297 1436 2366 1503 δι
2425 1431 2749 1522 quidquid
2801 1436 3030 1520 poterit
3075 1482 3096 1517 ,
3147 1432 3580 1501 detrahamus
3623 1460 3642 1499 z
3713 1453 3796 1500 ne
3847 1430 4025 1499 illud
4083 1482 4112 1519 ,

1089 1530 1264 1622 quod
1314 1532 1569 1599 Craffus
1610 1584 1632 1618 ‚
1680 1532 1727 1599 si
1780 1532 2048 1621 quando
2098 1532 2218 1601 fiat
2254 1583 2275 1620 ‚
2345 1532 2626 1623 perfidia
2664 1584 2686 1620 ,
2755 1554 2892 1600 non
2945 1533 3220 1601 stultitia
3290 1534 3439 1602 fieri
3492 1549 3740 1621 putat,
3807 1546 3886 1604 ut
3943 1552 4111 1604 cau·

1093 1633 1175 1699 sae
1226 1651 1588 1699 noceamus
1622 1684 1645 1719 ,
1716 1633 1973 1703 accidat
2013 1681 2032 1700 .
2107 1637 2289 1703 Nam
2357 1634 2443 1702 ad
2519 1634 2851 1703 summam
2899 1636 3099 1703 totius
3149 1633 3356 1704 cauiie
3411 1636 3692 1723 pertinet
3733 1686 3756 1721 ,
3827 1650 4033 1703 caute
4083 1684 4109 1723 ‚

1095 1754 1181 1800 an
1230 1753 1491 1817 contra,
1556 1733 2001 1831 demonstrata
2051 1755 2150 1803 res
2176 1734 2300 1825 sst3
2354 1738 2534 1827 quod
2586 1738 2800 1804 omnis
2829 1736 3149 1804 orationis
3196 1735 3460 1826 reliquae
3481 1735 3740 1804 fonsest
3760 1736 4108 1805 narratio.

1194 1835 1500 1924 Sequitur
1537 1888 1560 1922 ‚
1626 1858 1702 1905 ut
1753 1836 1947 1905 causa
2000 1826 2290 1926 ponatur
2329 1864 2352 1901 :
2426 1839 2498 1903 in
2547 1860 2679 1928 quo
2731 1836 3090 1905 videndum
3139 1834 3292 1924 est,
3364 1834 3522 1924 quid
3594 1837 3666 1901 in
3716 1850 4104 1906 controver-

1092 1935 1256 2003 fiam
1306 1936 1564 2001 veniat.
1620 1942 1807 2005 Tum
1859 1936 2268 2025 suggerenda
2323 1940 2474 2006 sunt
2543 1940 2966 2007 firmamenta
3033 1934 3240 2007 causae
3295 1934 3651 2013 conjunste
3699 1987 3720 2023 ,
3772 1937 3846 2007 δε
3907 1938 4098 2009 infit·-

1092 2037 1354 2102 mandis
1402 2038 1789 2123 contrariis,
1841 2040 1911 2106 &
1969 2038 2104 2104 tuis
2156 2037 2667 2107 confirmandis.
2722 2041 3056 2127 Namque⁸
3093 2056 3228 2105 una
3280 2038 3348 2104 in
3400 2031 3614 2104 causis
3683 2038 3856 2104 ratio
3901 2062 4062 2129 quae-

1089 2136 1250 2203 dam
1300 2134 1392 2205 est
1440 2138 1581 2227 ejus
1630 2138 1950 2233 orationis
1980 2190 2003 2223 ,
2052 2160 2196 2227 quae
2249 2138 2329 2205 ad
2380 2140 2790 2228 probandam
2843 2138 3500 2229 argumentationem
3555 2135 3774 2207 valet.
3819 2140 3902 2207 Ea
3951 2157 4072 2208 au.

1092 2252 1273 2323 tem,
1326 2239 1395 2306 δε
1455 2235 2075 2325 confirmationem,
2124 2242 2199 2309 &
2255 2241 2824 2331 reprehensionem
2873 2240 3159 2330 quaerit:
3216 2237 3322 2307 sed
3370 2239 3533 2331 quia
3583 2256 3794 2328 neque
3853 2259 4080 2327 repre-

1088 2337 1289 2408 hendi
1341 2361 1482 2427 quae
1534 2360 1761 2409 contra
1812 2342 2129 2410 dicuntur
2171 2392 2193 2427 ,
2260 2344 2512 2429 poffunt
2550 2395 2570 2428 ,
2641 2342 2758 2407 nifi
2812 2356 2927 2410 tua
2979 2340 3401 2427 confirmes3
3472 2358 3688 2428 neque
3735 2338 3876 2409 haec
3923 2359 4098 2407 conf-

1088 2438 1388 2525 firmari,
1434 2441 1555 2507 nifi
1607 2442 1722 2510 illa
1773 2440 2212 2531 reprehendas
2252 2468 2273 2529 ;
2329 2442 2573 2511 idcirco
2623 2442 2758 2513 haec
2811 2444 2884 2513 δε
2943 2456 3181 2511 natura
3219 2494 3242 2530 ‚
3293 2443 3363 2513 δε
3422 2440 3710 2511 utilitate
3750 2490 3778 2529 ,
3827 2442 3902 2511 δε
3957 2456 4094 2511 tra-

1100 2538 1386 2606 fratione
1435 2542 1790 2618 conjunsta
1850 2544 2041 2611 sunt.

1190 2639 1438 2706 Omnia
1490 2658 1715 2709 autem
1766 2640 2224 2712 concludenda
2276 2645 2680 2734 plerumque
2731 2643 2928 2713 rebus
2979 2643 3300 2733 augendis
3336 2694 3360 2729 ‚
3431 2643 3543 2711 vel
3597 2639 4097 2713 inflammando

1092 2736 1342 2825 judice,
1393 2741 1498 2807 vel
1550 2744 1967 2832 mitigando:
2019 2745 2376 2832 omniaque
2435 2766 2592 2813 cum
2646 2742 3091 2829 superioribus
3141 2743 3451 2811 orationis
3505 2741 3708 2829 locis,
3764 2761 3915 2814 tum
3957 2765 4104 2814 ma-

1088 2841 1273 2931 xime
1326 2859 1676 2931 extremo,
1734 2842 1817 2912 ad
1868 2862 2124 2911 mentes
2176 2844 2475 2921 iudicum
2525 2863 2730 2932 quam
2783 2842 3082 2911 maxime
3142 2839 3664 2928 permovendas,
3713 2842 3786 2909 &
3843 2844 3927 2909 ad
3965 2847 4106 2915 uti.

1089 2940 1345 3008 litatem
1399 2943 1697 3011 nostram
1753 2945 2123 3031 vocandas,
2170 2942 2572 3013 conferenda
2625 2941 2816 3010 sunt.

1189 3047 1425 3133 Neque
1478 3045 1633 3113 sane
1681 3047 1817 3125 jam
1867 3047 2062 3119 causa
2118 3043 2376 3115 videtur
2422 3046 2543 3114 effe
2586 3097 2609 3130 ,
2678 3066 2802 3112 cur
2873 3038 3283 3111 secernamus
3353 3061 3434 3109 ea
3482 3054 3808 3132 praecepta
3851 3094 3874 3131 ,
3944 3066 4096 3136 quae

1088 3146 1173 3214 de
1224 3142 1620 3217 suasionibus
1672 3147 1985 3218 tradenda
2037 3147 2188 3215 iunt
2227 3201 2247 3234 ,
2297 3165 2410 3216 aut
2461 3142 2967 3218 laudationibus
3009 3170 3026 3210 ε
3083 3142 3236 3214 sunt
3288 3143 3472 3211 enim
3521 3142 3832 3234 pleraque
3899 3169 4096 3217 com-

1090 3247 1375 3316 munia:
1430 3249 1537 3318 sed
1590 3266 1815 3320 tamen
1869 3248 2134 3318 suadere
2185 3247 2474 3342 aliquid,
2525 3266 2641 3319 aut
2687 3245 3041 3316 diffuadere
3093 3299 3114 3334 ,
3163 3243 3552 3336 graviffimae
3609 3247 3776 3314 mihi
3827 3248 4092 3318 videtur

1086 3350 1209 3418 effe
1257 3348 1578 3438 personae.
1630 3357 1810 3420 Nam
1867 3355 1937 3421 &
1995 3351 2295 3440 sapientis
2346 3349 2440 3419 est
2479 3403 2502 3437 ,
2568 3349 2919 3419 confilium
2987 3349 3324 3436 explicare
3377 3344 3572 3418 suum
3641 3347 3722 3414 de
3769 3351 4094 3420 maximis

1085 3431 1334 3539 rebus;
1391 3456 1462 3525 δε
1522 3451 1775 3522 honesti
1816 3507 1837 3540 ‚
1913 3455 1984 3522 &
2038 3450 2264 3520 diserti
2305 3503 2327 3540 ,
2395 3467 2470 3521 ut
2539 3466 2762 3522 mente
2813 3451 3150 3540 providere
3191 3502 3214 3536 ,
3283 3447 3674 3518 austeritate
3740 3447 4009 3533 probare
4057 3499 4088 3540 5

1086 3554 1383 3619 oratione
1433 3554 1814 3641 persuadere
1863 3553 2075 3643 poffit.

1188 3654 1537 3722 Lxxxu.
1590 3659 1813 3745 Atque
1865 3656 2004 3724 haec
2078 3655 2143 3720 in
2221 3653 2445 3723 senatu
2495 3656 2760 3722 minore
2832 3669 3143 3740 apparatu
3199 3652 3460 3741 agenda
3538 3649 3690 3719 sunt
3727 3699 3746 3719 .
3813 3649 4088 3739 Sapiens

1086 3752 1269 3820 enim
1318 3753 1411 3821 est
1458 3757 1862 3845 confilium3
1934 3753 2294 3846 multisque
2363 3758 2512 3824 aliis
2583 3751 2846 3824 dicendi
2920 3753 3392 3843 relinquendus
3463 3751 3654 3822 locus
3694 3800 3712 3819 .
3784 3753 4087 3826 Vitanda

1084 3857 1289 3924 etiam
1342 3859 1486 3946 (⁴³)
1541 3858 1829 3952 ingenii,
1878 3857 2448 3948 ostentationisque
2497 3854 2778 3947 suspicio
2831 3863 2973 3942 (53
3005 3867 3072 3944 ).

3809 3957 3987 4025 Con-

1078 4169 4062 4218 mm

1155 4354 1277 4420 (⁴¹)
1312 4357 1578 4426 Ingenii)
1618 4357 1768 4415 Man.
1804 4353 1982 4414 Lamb.
2036 4355 2250 4425 ingenii
2303 4351 2537 4425 ostenta-

1090 4427 1252 4506 tion-is
1278 4423 1544 4507 suspicio.
1580 4427 1671 4486 Ut
1710 4425 1815 4494 fit,
1866 4446 1937 4484 ne
1976 4424 2261 4486 videamur
2296 4424 2535 4485 ostenta-

1087 4515 1147 4554 re
1192 4515 1477 4567 ingenium
1515 4499 1666 4555 velle
1694 4537 1710 4555 .

1176 4575 1251 4640 (5
1262 4576 1343 4643 3)
1394 4575 1610 4640 Ingenii
1639 4612 1659 4636 ‚
1708 4567 2194 4642 ostentationisque
2239 4567 2474 4642 suspicio
2509 4573 2536 4634 )

1087 4639 1312 4712 Optimi
1350 4641 1548 4715 quique
1592 4640 1817 4700 dicendi
1868 4646 1927 4698 δε
1982 4639 2259 4698 sentiendi
2298 4639 2538 4710 magistri

1084 4727 1473 4793 prae-ceperunt
1507 4754 1527 4780 ,
1571 4732 1638 4772 ut
1697 4715 1985 4771 vitaremus
2036 4710 2137 4793 sus
2168 4712 2406 4790 itionem
2456 4715 2538 4791 ja-

1085 4783 1337 4842 &ationis
1362 4825 1378 4852 ‚
1410 4789 1467 4843 &
1503 4784 1927 4845 ostentationis.
1962 4784 2123 4844 Nulli
2168 4804 2185 4839 1
2221 4803 2392 4846 vcro,
2429 4781 2536 4839 nisi

1074 4853 1147 4911 in
1191 4854 1295 4912 hoc
1334 4855 1455 4916 ioco
1493 4899 1511 4924 ,
1564 4859 1855 4931 praeceptis
1893 4855 2125 4918 traditur
2159 4897 2175 4921 ,
2215 4873 2277 4910 ut
2318 4853 2538 4912 vitanda

1084 4923 1155 4982 fit
1178 4925 1291 4998 sus
1309 4933 1410 4986 icio
1434 4933 1676 5002 ingenii.
1714 4933 1892 4988 Immo
1930 4926 2031 4982 nili
2070 4931 2316 4997 ingenioe
2337 4925 2539 4981 xcelle-

1091 5014 1153 5054 re
1192 5000 1250 5059 vi
1296 5018 1474 5062 camur
1510 5044 1529 5073 ‚
1572 5019 1763 5076 parum
1796 4996 2048 5074 proderit
2104 4997 2289 5057 nostra
2331 4997 2540 5055 oratio.

2636 4349 2876 4426 Optime
2914 4347 3083 4422 igitur
3123 4345 3398 4406 Manutius
3433 4349 3488 4402 &
3514 4341 3804 4404 Lambinus
3842 4345 3898 4404 le
3975 4353 4096 4415 nt:

2636 4421 2880 4485 Vitanda
2931 4425 3106 4479 etiam
3171 4423 3386 4489 ingenii
3421 4415 3804 4475 ostentationis
3826 4415 3902 4486 su
3916 4423 4092 4493 picio-

2639 4500 2762 4557 Nec
2797 4493 2955 4552 aliam
2990 4489 3259 4548 exhibent
3297 4487 3589 4546 lestionem
3607 4486 3713 4551 Mt:
3751 4489 3865 4549 1³21.
3901 4507 3987 4564 pr.
4031 4495 4092 4549 δε

2637 4567 2746 4626 sec.
2785 4568 2954 4624 Mem.
2990 4563 3141 4622 Pith.
3182 4563 3338 4633 Ioan.
3377 4560 3540 4623 Harl.
3561 4581 3606 4619 1.
3641 4565 3702 4619 &
3735 4579 3764 4618 a
3797 4580 3886 4634 pr.
3927 4579 4086 4620 nunu

2639 4634 2810 4701 Not-f.
2842 4633 3087 4694 Tandem
3141 4633 3372 4704 dignum
3421 4632 3704 4692 Cicerone
3755 4651 4092 4714 praeceptum

2641 4711 2886 4770 videmus
2921 4747 2940 4772 ,
3012 4707 3265 4778 idemque
3330 4704 3590 4778 praecipit
3657 4703 3928 4780 Qumeil.
3963 4704 4088 4764 Lib.

2646 4801 2761 4841 ιιι.
2813 4801 2861 4836 c.
2927 4799 2972 4835 1.
3026 4788 3090 4838 In
3127 4779 3326 4838 ceteris
3380 4775 3680 4859 admiscere
3728 4779 4085 4858 tenfpvimqs

2639 4852 2863 4993 aliqui?
2900 4855 3096 4912 nitoris
3127 4891 3147 4920 ,
3199 4867 3322 4910 uon
3369 4849 3602 4920 instandi
3653 4866 3867 4922 mgenu
3919 4863 4085 4924 gratia

2699 4945 2746 4985 c.
2782 4933 2814 4982 Ι
2851 4941 2967 4982 em.
