<?xml version="1.0" encoding="UTF-8"?>
<!DOCTYPE html PUBLIC "-//W3C//DTD XHTML 1.0 Transitional//EN"
    "http://www.w3.org/TR/xhtml1/DTD/xhtml1-transitional.dtd">
<html xmlns="http://www.w3.org/1999/xhtml" xml:lang="en" lang="en">
 <head>
  <title>
</title>
<meta http-equiv="Content-Type" content="text/html;charset=utf-8" />
  <meta name='ocr-system' content='tesseract 3.04.00' />
  <meta name='ocr-capabilities' content='ocr_page ocr_carea ocr_par ocr_line ocrx_word'/>
</head>
<body>
  <div class='ocr_page' id='page_1' title='image "./operacumdelectu00dgoog_0259.png"; bbox 0 0 4359 6321; ppageno 0'>
   <div class='ocr_carea' id='block_1_1' title="bbox 862 398 3101 565">
    <p class='ocr_par' dir='ltr' id='par_1_1' title="bbox 862 398 3101 565">
     <span class='ocr_line' id='line_1_1' title="bbox 862 398 3101 565; baseline 0.001 -38"><span class='ocrx_word' id='word_1_1' title='bbox 862 422 1481 527; x_wconf 72' lang='lat' dir='ltr'><em>LIBER</em></span> <span class='ocrx_word' id='word_1_2' title='bbox 1605 432 2538 527; x_wconf 69' lang='lat' dir='ltr'><em>TERTIUS.</em></span> <span class='ocrx_word' id='word_1_3' title='bbox 2823 398 3101 565; x_wconf 26' lang='lat'>‘237</span> 
     </span>
    </p>
   </div>
   <div class='ocr_carea' id='block_1_2' title="bbox 200 552 3240 3956">
    <p class='ocr_par' dir='ltr' id='par_1_2' title="bbox 200 552 3240 1344">
     <span class='ocr_line' id='line_1_2' title="bbox 200 552 3223 650; baseline 0.002 -31"><span class='ocrx_word' id='word_1_4' title='bbox 200 612 209 619; x_wconf 87' lang='lat'><strong><em>.</em></strong></span> <span class='ocrx_word' id='word_1_5' title='bbox 250 578 379 650; x_wconf 81' lang='lat' dir='ltr'>que</span> <span class='ocrx_word' id='word_1_6' title='bbox 418 608 441 641; x_wconf 88' lang='lat'>,</span> <span class='ocrx_word' id='word_1_7' title='bbox 485 554 599 646; x_wconf 86' lang='lat' dir='ltr'>qui</span> <span class='ocrx_word' id='word_1_8' title='bbox 655 553 913 623; x_wconf 84' lang='lat' dir='ltr'>vultum</span> <span class='ocrx_word' id='word_1_9' title='bbox 962 557 1109 633; x_wconf 80' lang='lat' dir='ltr'>ejus</span> <span class='ocrx_word' id='word_1_10' title='bbox 1148 606 1171 640; x_wconf 92' lang='lat'>‚</span> <span class='ocrx_word' id='word_1_11' title='bbox 1236 575 1395 623; x_wconf 89' lang='lat' dir='ltr'>cum</span> <span class='ocrx_word' id='word_1_12' title='bbox 1446 553 1508 619; x_wconf 91' lang='lat' dir='ltr'>ei</span> <span class='ocrx_word' id='word_1_13' title='bbox 1555 552 1910 621; x_wconf 87' lang='lat' dir='ltr'>dicendum</span> <span class='ocrx_word' id='word_1_14' title='bbox 1958 554 2123 621; x_wconf 87' lang='lat' dir='ltr'>esset</span> <span class='ocrx_word' id='word_1_15' title='bbox 2170 606 2194 640; x_wconf 93' lang='lat'>,</span> <span class='ocrx_word' id='word_1_16' title='bbox 2263 554 2698 645; x_wconf 87' lang='lat' dir='ltr'>obtutumque</span> <span class='ocrx_word' id='word_1_17' title='bbox 2745 552 3098 623; x_wconf 87' lang='lat' dir='ltr'>oculorum</span> <span class='ocrx_word' id='word_1_18' title='bbox 3153 556 3223 626; x_wconf 89' lang='lat' dir='ltr'>in</span> 
     </span>
     <span class='ocr_line' id='line_1_3' title="bbox 250 652 3228 747; baseline -0.002 -20"><span class='ocrx_word' id='word_1_19' title='bbox 250 656 605 747; x_wconf 87' lang='lat' dir='ltr'>cogitando</span> <span class='ocrx_word' id='word_1_20' title='bbox 656 652 853 744; x_wconf 84' lang='lat' dir='ltr'><strong>probe</strong></span> <span class='ocrx_word' id='word_1_21' title='bbox 906 654 1121 723; x_wconf 87' lang='lat' dir='ltr'>nosset</span> <span class='ocrx_word' id='word_1_22' title='bbox 1161 705 1184 739; x_wconf 92' lang='lat'>,</span> <span class='ocrx_word' id='word_1_23' title='bbox 1234 670 1429 745; x_wconf 83' lang='lat' dir='ltr'>atque</span> <span class='ocrx_word' id='word_1_24' title='bbox 1478 654 1549 719; x_wconf 88' lang='lat' dir='ltr'>in</span> <span class='ocrx_word' id='word_1_25' title='bbox 1604 654 1917 720; x_wconf 80' lang='lat' dir='ltr'>maximis</span> <span class='ocrx_word' id='word_1_26' title='bbox 1967 654 2182 721; x_wconf 74' lang='lat' dir='ltr'>causis</span> <span class='ocrx_word' id='word_1_27' title='bbox 2235 655 2720 743; x_wconf 74' lang='lat' dir='ltr'>iaepe·vidisset</span> <span class='ocrx_word' id='word_1_28' title='bbox 2761 710 2784 743; x_wconf 89' lang='lat'>,</span> <span class='ocrx_word' id='word_1_29' title='bbox 2855 671 3000 722; x_wconf 90' lang='lat' dir='ltr'>tum</span> <span class='ocrx_word' id='word_1_30' title='bbox 3049 656 3228 721; x_wconf 86' lang='lat' dir='ltr'>dedi-</span> 
     </span>
     <span class='ocr_line' id='line_1_4' title="bbox 254 752 3232 847; baseline -0.002 -21"><span class='ocrx_word' id='word_1_31' title='bbox 254 777 319 827; x_wconf 83' lang='lat' dir='ltr'>ta</span> <span class='ocrx_word' id='word_1_32' title='bbox 368 774 615 847; x_wconf 87' lang='lat' dir='ltr'>opera,</span> <span class='ocrx_word' id='word_1_33' title='bbox 658 754 1143 847; x_wconf 80' lang='lat' dir='ltr'>quiescentibus</span> <span class='ocrx_word' id='word_1_34' title='bbox 1194 755 1381 839; x_wconf 86' lang='lat' dir='ltr'>aliis,</span> <span class='ocrx_word' id='word_1_35' title='bbox 1432 758 1501 823; x_wconf 92' lang='lat' dir='ltr'>in</span> <span class='ocrx_word' id='word_1_36' title='bbox 1552 774 1699 821; x_wconf 87' lang='lat' dir='ltr'>eam</span> <span class='ocrx_word' id='word_1_37' title='bbox 1752 752 2119 823; x_wconf 80' lang='lat' dir='ltr'><strong>exhedram</strong></span> <span class='ocrx_word' id='word_1_38' title='bbox 2168 761 2368 842; x_wconf 84' lang='lat'><em>(18)</em></span> <span class='ocrx_word' id='word_1_39' title='bbox 2425 756 2716 844; x_wconf 77' lang='lat' dir='ltr'>venisse,</span> <span class='ocrx_word' id='word_1_40' title='bbox 2761 762 2833 826; x_wconf 90' lang='lat' dir='ltr'>in</span> <span class='ocrx_word' id='word_1_41' title='bbox 2884 752 3232 847; x_wconf 84' lang='lat' dir='ltr'>quaCras-</span> 
     </span>
     <span class='ocr_line' id='line_1_5' title="bbox 252 852 3222 944; baseline -0.002 -19"><span class='ocrx_word' id='word_1_42' title='bbox 252 858 359 925; x_wconf 88' lang='lat' dir='ltr'>sus</span> <span class='ocrx_word' id='word_1_43' title='bbox 409 855 655 925; x_wconf 60' lang='lat' dir='ltr'>lectulo</span> <span class='ocrx_word' id='word_1_44' title='bbox 704 856 910 944; x_wconf 74' lang='lat' dir='ltr'>polito</span> <span class='ocrx_word' id='word_1_45' title='bbox 960 853 1397 923; x_wconf 83' lang='lat' dir='ltr'>recubuisset:</span> <span class='ocrx_word' id='word_1_46' title='bbox 1452 875 1737 944; x_wconf 84' lang='lat' dir='ltr'>cumque</span> <span class='ocrx_word' id='word_1_47' title='bbox 1787 874 1945 923; x_wconf 88' lang='lat' dir='ltr'>eum</span> <span class='ocrx_word' id='word_1_48' title='bbox 1996 855 2065 921; x_wconf 88' lang='lat' dir='ltr'>in</span> <span class='ocrx_word' id='word_1_49' title='bbox 2116 857 2523 941; x_wconf 82' lang='lat' dir='ltr'>cogitatione</span> <span class='ocrx_word' id='word_1_50' title='bbox 2575 857 2878 927; x_wconf 78' lang='lat' dir='ltr'>defixum</span> <span class='ocrx_word' id='word_1_51' title='bbox 2925 852 3063 923; x_wconf 89' lang='lat' dir='ltr'>esse</span> <span class='ocrx_word' id='word_1_52' title='bbox 3081 853 3222 921; x_wconf 75' lang='lat' dir='ltr'>sen-</span> 
     </span>
     <span class='ocr_line' id='line_1_6' title="bbox 248 954 3240 1043; baseline -0.001 -16"><span class='ocrx_word' id='word_1_53' title='bbox 248 958 425 1027; x_wconf 81' lang='lat' dir='ltr'>fisset</span> <span class='ocrx_word' id='word_1_54' title='bbox 464 1006 488 1043; x_wconf 88' lang='lat'>,</span> <span class='ocrx_word' id='word_1_55' title='bbox 556 955 773 1023; x_wconf 86' lang='lat' dir='ltr'>statim</span> <span class='ocrx_word' id='word_1_56' title='bbox 824 954 1139 1025; x_wconf 83' lang='lat' dir='ltr'>receffisse</span> <span class='ocrx_word' id='word_1_57' title='bbox 1174 996 1224 1040; x_wconf 81' lang='lat'>,-</span> <span class='ocrx_word' id='word_1_58' title='bbox 1264 970 1459 1043; x_wconf 90' lang='lat' dir='ltr'>atque</span> <span class='ocrx_word' id='word_1_59' title='bbox 1510 956 1579 1025; x_wconf 91' lang='lat' dir='ltr'>in</span> <span class='ocrx_word' id='word_1_60' title='bbox 1628 974 1710 1021; x_wconf 90' lang='lat' dir='ltr'>eo</span> <span class='ocrx_word' id='word_1_61' title='bbox 1759 954 2017 1023; x_wconf 72' lang='lat' dir='ltr'>silentio</span> <span class='ocrx_word' id='word_1_62' title='bbox 2066 954 2234 1023; x_wconf 88' lang='lat' dir='ltr'>duas</span> <span class='ocrx_word' id='word_1_63' title='bbox 2289 955 2503 1035; x_wconf 65' lang='lat' dir='ltr'>horas,</span> <span class='ocrx_word' id='word_1_64' title='bbox 2543 960 2678 1024; x_wconf 87' lang='lat' dir='ltr'>fere</span> <span class='ocrx_word' id='word_1_65' title='bbox 2727 958 2867 1025; x_wconf 90' lang='lat' dir='ltr'>esse</span> <span class='ocrx_word' id='word_1_66' title='bbox 2917 954 3240 1025; x_wconf 84' lang='lat' dir='ltr'>consum·</span> 
     </span>
     <span class='ocr_line' id='line_1_7' title="bbox 248 1054 3234 1147; baseline -0 -22"><span class='ocrx_word' id='word_1_67' title='bbox 248 1074 391 1147; x_wconf 87' lang='lat' dir='ltr'>ptas</span> <span class='ocrx_word' id='word_1_68' title='bbox 428 1106 445 1125; x_wconf 90' lang='lat'><strong>.</strong></span> <span class='ocrx_word' id='word_1_69' title='bbox 506 1057 761 1125; x_wconf 81' lang='lat' dir='ltr'>Deinde</span> <span class='ocrx_word' id='word_1_70' title='bbox 796 1108 819 1143; x_wconf 95' lang='lat'>,</span> <span class='ocrx_word' id='word_1_71' title='bbox 863 1078 1025 1124; x_wconf 85' lang='lat' dir='ltr'>cum</span> <span class='ocrx_word' id='word_1_72' title='bbox 1074 1074 1305 1123; x_wconf 86' lang='lat' dir='ltr'>omnes</span> <span class='ocrx_word' id='word_1_73' title='bbox 1343 1105 1366 1139; x_wconf 93' lang='lat'>,</span> <span class='ocrx_word' id='word_1_74' title='bbox 1440 1054 1761 1123; x_wconf 89' lang='lat' dir='ltr'>inclinato</span> <span class='ocrx_word' id='word_1_75' title='bbox 1810 1056 1947 1131; x_wconf 80' lang='lat' dir='ltr'>iam</span> <span class='ocrx_word' id='word_1_76' title='bbox 1998 1057 2069 1123; x_wconf 90' lang='lat' dir='ltr'>in</span> <span class='ocrx_word' id='word_1_77' title='bbox 2122 1054 2704 1142; x_wconf 86' lang='lat' dir='ltr'>postmeridianum</span> <span class='ocrx_word' id='word_1_78' title='bbox 2759 1074 3012 1145; x_wconf 88' lang='lat' dir='ltr'>tempus</span> <span class='ocrx_word' id='word_1_79' title='bbox 3067 1056 3174 1124; x_wconf 87' lang='lat' dir='ltr'>die</span> <span class='ocrx_word' id='word_1_80' title='bbox 3211 1106 3234 1139; x_wconf 88' lang='lat'>,</span> 
     </span>
     <span class='ocr_line' id='line_1_8' title="bbox 247 1150 3227 1243; baseline -0.002 -18"><span class='ocrx_word' id='word_1_81' title='bbox 247 1159 577 1226; x_wconf 86' lang='lat' dir='ltr'>venissent</span> <span class='ocrx_word' id='word_1_82' title='bbox 624 1158 717 1225; x_wconf 75' lang='lat' dir='ltr'>‘ad</span> <span class='ocrx_word' id='word_1_83' title='bbox 764 1156 1079 1224; x_wconf 85' lang='lat' dir='ltr'>Crassum</span> <span class='ocrx_word' id='word_1_84' title='bbox 1116 1206 1139 1240; x_wconf 93' lang='lat'>,</span> <span class='ocrx_word' id='word_1_85' title='bbox 1206 1155 1385 1238; x_wconf 83' lang='lat' dir='ltr'>Qid</span> <span class='ocrx_word' id='word_1_86' title='bbox 1436 1154 1529 1220; x_wconf 84' lang='lat' dir='ltr'>est</span> <span class='ocrx_word' id='word_1_87' title='bbox 1574 1206 1595 1239; x_wconf 95' lang='lat'>,</span> <span class='ocrx_word' id='word_1_88' title='bbox 1662 1150 1897 1223; x_wconf 82' lang='lat' dir='ltr'>Crasse</span> <span class='ocrx_word' id='word_1_89' title='bbox 1936 1207 1959 1241; x_wconf 94' lang='lat'>,</span> <span class='ocrx_word' id='word_1_90' title='bbox 2006 1157 2220 1243; x_wconf 86' lang='lat' dir='ltr'>inquit</span> <span class='ocrx_word' id='word_1_91' title='bbox 2273 1156 2490 1233; x_wconf 83' lang='lat' dir='ltr'><strong>Julius</strong></span> <span class='ocrx_word' id='word_1_92' title='bbox 2525 1208 2546 1241; x_wconf 93' lang='lat'>,</span> <span class='ocrx_word' id='word_1_93' title='bbox 2619 1155 2874 1227; x_wconf 75' lang='lat' dir='ltr'>intusne</span> <span class='ocrx_word' id='word_1_94' title='bbox 2927 1156 3227 1224; x_wconf 86' lang='lat' dir='ltr'>sessum?</span> 
     </span>
     <span class='ocr_line' id='line_1_9' title="bbox 246 1250 2027 1344; baseline -0.002 -19"><span class='ocrx_word' id='word_1_95' title='bbox 246 1261 364 1326; x_wconf 87' lang='lat' dir='ltr'>etfi</span> <span class='ocrx_word' id='word_1_96' title='bbox 424 1259 841 1327; x_wconf 86' lang='lat' dir='ltr'>admonitum</span> <span class='ocrx_word' id='word_1_97' title='bbox 897 1258 1206 1325; x_wconf 75' lang='lat' dir='ltr'>venitnus</span> <span class='ocrx_word' id='word_1_98' title='bbox 1260 1270 1370 1340; x_wconf 85' lang='lat' dir='ltr'>te,</span> <span class='ocrx_word' id='word_1_99' title='bbox 1417 1274 1553 1321; x_wconf 90' lang='lat' dir='ltr'>non</span> <span class='ocrx_word' id='word_1_100' title='bbox 1608 1250 2027 1344; x_wconf 77' lang='lat' dir='ltr'>flagitatum.</span> 
     </span>
    </p>

    <p class='ocr_par' dir='ltr' id='par_1_3' title="bbox 244 1353 3234 1951">
     <span class='ocr_line' id='line_1_10' title="bbox 351 1353 3221 1445; baseline -0.001 -18"><span class='ocrx_word' id='word_1_101' title='bbox 351 1364 539 1427; x_wconf 83' lang='lat' dir='ltr'>Tum</span> <span class='ocrx_word' id='word_1_102' title='bbox 587 1356 861 1429; x_wconf 86' lang='lat' dir='ltr'>Crassus</span> <span class='ocrx_word' id='word_1_103' title='bbox 896 1406 917 1442; x_wconf 92' lang='lat'>,</span> <span class='ocrx_word' id='word_1_104' title='bbox 986 1361 1095 1433; x_wconf 84' lang='lat' dir='ltr'>An</span> <span class='ocrx_word' id='word_1_105' title='bbox 1150 1376 1260 1431; x_wconf 82' lang='lat' dir='ltr'>me</span> <span class='ocrx_word' id='word_1_106' title='bbox 1318 1372 1455 1423; x_wconf 87' lang='lat' dir='ltr'>tam</span> <span class='ocrx_word' id='word_1_107' title='bbox 1504 1356 1961 1445; x_wconf 87' lang='lat' dir='ltr'>impudentem</span> <span class='ocrx_word' id='word_1_108' title='bbox 2015 1356 2155 1425; x_wconf 89' lang='lat' dir='ltr'>esse</span> <span class='ocrx_word' id='word_1_109' title='bbox 2203 1356 2590 1428; x_wconf 81' lang='lat' dir='ltr'>existimatis</span> <span class='ocrx_word' id='word_1_110' title='bbox 2627 1408 2650 1442; x_wconf 88' lang='lat'>,</span> <span class='ocrx_word' id='word_1_111' title='bbox 2713 1370 2787 1425; x_wconf 89' lang='lat' dir='ltr'>ut</span> <span class='ocrx_word' id='word_1_112' title='bbox 2845 1354 3028 1423; x_wconf 86' lang='lat' dir='ltr'>vobis</span> <span class='ocrx_word' id='word_1_113' title='bbox 3097 1353 3221 1423; x_wconf 88' lang='lat' dir='ltr'>hoc</span> 
     </span>
     <span class='ocr_line' id='line_1_11' title="bbox 244 1453 3234 1548; baseline -0.002 -23"><span class='ocrx_word' id='word_1_114' title='bbox 244 1460 597 1548; x_wconf 78' lang='lat' dir='ltr'>praesertim</span> <span class='ocrx_word' id='word_1_115' title='bbox 650 1480 893 1529; x_wconf 85' lang='lat' dir='ltr'>munus</span> <span class='ocrx_word' id='word_1_116' title='bbox 944 1475 1171 1547; x_wconf 87' lang='lat' dir='ltr'>putem</span> <span class='ocrx_word' id='word_1_117' title='bbox 1218 1458 1462 1525; x_wconf 90' lang='lat' dir='ltr'>diutius</span> <span class='ocrx_word' id='word_1_118' title='bbox 1514 1453 1697 1546; x_wconf 76' lang='lat' dir='ltr'>posse</span> <span class='ocrx_word' id='word_1_119' title='bbox 1744 1455 2034 1525; x_wconf 80' lang='lat' dir='ltr'>debere?</span> <span class='ocrx_word' id='word_1_120' title='bbox 2108 1458 2406 1541; x_wconf 81' lang='lat' dir='ltr'>Qinam</span> <span class='ocrx_word' id='word_1_121' title='bbox 2463 1461 2664 1547; x_wconf 83' lang='lat' dir='ltr'>igitur</span> <span class='ocrx_word' id='word_1_122' title='bbox 2707 1510 2725 1543; x_wconf 92' lang='lat'>,</span> <span class='ocrx_word' id='word_1_123' title='bbox 2795 1458 3004 1545; x_wconf 87' lang='lat' dir='ltr'>inquit</span> <span class='ocrx_word' id='word_1_124' title='bbox 3055 1455 3173 1521; x_wconf 88' lang='lat' dir='ltr'>ille</span> <span class='ocrx_word' id='word_1_125' title='bbox 3211 1506 3234 1539; x_wconf 95' lang='lat'>,</span> 
     </span>
     <span class='ocr_line' id='line_1_12' title="bbox 246 1556 3233 1647; baseline -0.002 -20"><span class='ocrx_word' id='word_1_126' title='bbox 246 1562 506 1629; x_wconf 79' lang='lat' dir='ltr'>locus?</span> <span class='ocrx_word' id='word_1_127' title='bbox 562 1581 647 1627; x_wconf 88' lang='lat' dir='ltr'>an</span> <span class='ocrx_word' id='word_1_128' title='bbox 698 1562 769 1627; x_wconf 89' lang='lat' dir='ltr'>in</span> <span class='ocrx_word' id='word_1_129' title='bbox 820 1560 1032 1629; x_wconf 88' lang='lat' dir='ltr'>media</span> <span class='ocrx_word' id='word_1_130' title='bbox 1086 1558 1251 1627; x_wconf 74' lang='lat' dir='ltr'>silva</span> <span class='ocrx_word' id='word_1_131' title='bbox 1303 1558 1515 1647; x_wconf 80' lang='lat' dir='ltr'>placet</span> <span class='ocrx_word' id='word_1_132' title='bbox 1562 1559 1588 1623; x_wconf 69' lang='grc' dir='ltr'>ἓ</span> <span class='ocrx_word' id='word_1_133' title='bbox 1660 1556 1751 1625; x_wconf 90' lang='lat' dir='ltr'>est</span> <span class='ocrx_word' id='word_1_134' title='bbox 1800 1560 1982 1626; x_wconf 82' lang='lat' dir='ltr'>enim</span> <span class='ocrx_word' id='word_1_135' title='bbox 2036 1558 2089 1625; x_wconf 84' lang='lat' dir='ltr'>is</span> <span class='ocrx_word' id='word_1_136' title='bbox 2144 1562 2440 1627; x_wconf 78' lang='lat' dir='ltr'><strong>maxime</strong></span> <span class='ocrx_word' id='word_1_137' title='bbox 2491 1563 2562 1630; x_wconf 84' lang='lat'>&amp;</span> <span class='ocrx_word' id='word_1_138' title='bbox 2621 1578 2863 1643; x_wconf 86' lang='lat' dir='ltr'>opacus</span> <span class='ocrx_word' id='word_1_139' title='bbox 2913 1560 2982 1626; x_wconf 84' lang='lat'>&amp;</span> <span class='ocrx_word' id='word_1_140' title='bbox 3042 1556 3233 1644; x_wconf 84' lang='lat' dir='ltr'>frigi-</span> 
     </span>
     <span class='ocr_line' id='line_1_13' title="bbox 244 1656 3232 1751; baseline -0.002 -24"><span class='ocrx_word' id='word_1_141' title='bbox 244 1659 377 1727; x_wconf 87' lang='lat' dir='ltr'>dus</span> <span class='ocrx_word' id='word_1_142' title='bbox 414 1708 431 1726; x_wconf 91' lang='lat'><strong>.</strong></span> <span class='ocrx_word' id='word_1_143' title='bbox 506 1664 673 1731; x_wconf 90' lang='lat' dir='ltr'>Sane</span> <span class='ocrx_word' id='word_1_144' title='bbox 711 1714 731 1746; x_wconf 89' lang='lat'>,</span> <span class='ocrx_word' id='word_1_145' title='bbox 800 1662 1015 1751; x_wconf 82' lang='lat' dir='ltr'>inquit</span> <span class='ocrx_word' id='word_1_146' title='bbox 1061 1659 1339 1730; x_wconf 89' lang='lat' dir='ltr'>Crassus</span> <span class='ocrx_word' id='word_1_147' title='bbox 1382 1682 1405 1721; x_wconf 90' lang='lat'>.·</span> <span class='ocrx_word' id='word_1_148' title='bbox 1478 1659 1729 1727; x_wconf 86' lang='lat' dir='ltr'>etenim</span> <span class='ocrx_word' id='word_1_149' title='bbox 1779 1658 1873 1727; x_wconf 86' lang='lat' dir='ltr'>est</span> <span class='ocrx_word' id='word_1_150' title='bbox 1921 1661 2007 1725; x_wconf 81' lang='lat' dir='ltr'>in‘</span> <span class='ocrx_word' id='word_1_151' title='bbox 2041 1679 2125 1728; x_wconf 92' lang='lat' dir='ltr'>eo</span> <span class='ocrx_word' id='word_1_152' title='bbox 2178 1662 2350 1729; x_wconf 91' lang='lat' dir='ltr'>loco·</span> <span class='ocrx_word' id='word_1_153' title='bbox 2381 1660 2561 1729; x_wconf 87' lang='lat' dir='ltr'>sedes</span> <span class='ocrx_word' id='word_1_154' title='bbox 2613 1656 2770 1727; x_wconf 88' lang='lat' dir='ltr'>huic</span> <span class='ocrx_word' id='word_1_155' title='bbox 2821 1656 3046 1723; x_wconf 86' lang='lat' dir='ltr'>nostro</span> <span class='ocrx_word' id='word_1_156' title='bbox 3096 1678 3232 1723; x_wconf 89' lang='lat' dir='ltr'>non</span> 
     </span>
     <span class='ocr_line' id='line_1_14' title="bbox 245 1758 3224 1850; baseline -0 -24"><span class='ocrx_word' id='word_1_157' title='bbox 245 1760 689 1849; x_wconf 84' lang='lat' dir='ltr'>inopportuna</span> <span class='ocrx_word' id='word_1_158' title='bbox 742 1762 1063 1831; x_wconf 86' lang='lat' dir='ltr'>sermoni.</span> <span class='ocrx_word' id='word_1_159' title='bbox 1112 1767 1291 1829; x_wconf 86' lang='lat' dir='ltr'>Cum</span> <span class='ocrx_word' id='word_1_160' title='bbox 1342 1760 1691 1850; x_wconf 84' lang='lat' dir='ltr'>placuisset</span> <span class='ocrx_word' id='word_1_161' title='bbox 1748 1760 1927 1829; x_wconf 85' lang='lat' dir='ltr'>idem</span> <span class='ocrx_word' id='word_1_162' title='bbox 1976 1764 2226 1831; x_wconf 80' lang='lat' dir='ltr'>caeteris</span> <span class='ocrx_word' id='word_1_163' title='bbox 2263 1816 2286 1849; x_wconf 93' lang='lat'>,</span> <span class='ocrx_word' id='word_1_164' title='bbox 2339 1764 2412 1831; x_wconf 83' lang='lat' dir='ltr'>in</span> <span class='ocrx_word' id='word_1_165' title='bbox 2464 1762 2704 1832; x_wconf 77' lang='lat' dir='ltr'>fitvam</span> <span class='ocrx_word' id='word_1_166' title='bbox 2759 1760 3022 1827; x_wconf 86' lang='lat' dir='ltr'>venitur</span> <span class='ocrx_word' id='word_1_167' title='bbox 3063 1808 3084 1842; x_wconf 95' lang='lat'>,</span> <span class='ocrx_word' id='word_1_168' title='bbox 3155 1758 3224 1825; x_wconf 76' lang='grc' dir='ltr'>δε</span> 
     </span>
     <span class='ocr_line' id='line_1_15' title="bbox 248 1858 2918 1951; baseline 0 -24"><span class='ocrx_word' id='word_1_169' title='bbox 248 1858 339 1927; x_wconf 86' lang='lat' dir='ltr'>ibi</span> <span class='ocrx_word' id='word_1_170' title='bbox 392 1882 639 1951; x_wconf 84' lang='lat' dir='ltr'>magna</span> <span class='ocrx_word' id='word_1_171' title='bbox 688 1883 845 1931; x_wconf 87' lang='lat' dir='ltr'>cum</span> <span class='ocrx_word' id='word_1_172' title='bbox 896 1862 1195 1931; x_wconf 86' lang='lat' dir='ltr'>audiendi</span> <span class='ocrx_word' id='word_1_173' title='bbox 1246 1860 1727 1948; x_wconf 66' lang='lat' dir='ltr'>exspestatione</span> <span class='ocrx_word' id='word_1_174' title='bbox 1776 1861 2166 1931; x_wconf 85' lang='lat' dir='ltr'>confiditur.</span> <span class='ocrx_word' id='word_1_175' title='bbox 2909 1922 2918 1927; x_wconf 85' lang='lat'><em>.</em></span> 
     </span>
    </p>

    <p class='ocr_par' dir='ltr' id='par_1_4' title="bbox 242 1952 3234 2654">
     <span class='ocr_line' id='line_1_16' title="bbox 352 1952 3232 2052; baseline -0.001 -25"><span class='ocrx_word' id='word_1_176' title='bbox 352 1952 539 2029; x_wconf 80' lang='lat' dir='ltr'>Turn</span> <span class='ocrx_word' id='word_1_177' title='bbox 587 1963 865 2031; x_wconf 86' lang='lat' dir='ltr'>Crassus</span> <span class='ocrx_word' id='word_1_178' title='bbox 901 2015 922 2047; x_wconf 96' lang='lat'>,</span> <span class='ocrx_word' id='word_1_179' title='bbox 970 1967 1147 2031; x_wconf 86' lang='lat' dir='ltr'>Cum</span> <span class='ocrx_word' id='word_1_180' title='bbox 1200 1962 1593 2045; x_wconf 57' lang='lat' dir='ltr'>auster-itas,</span> <span class='ocrx_word' id='word_1_181' title='bbox 1644 1977 1836 2052; x_wconf 90' lang='lat' dir='ltr'>atque</span> <span class='ocrx_word' id='word_1_182' title='bbox 1886 1964 2171 2031; x_wconf 84' lang='lat' dir='ltr'>amicitia</span> <span class='ocrx_word' id='word_1_183' title='bbox 2225 1963 2427 2034; x_wconf 82' lang='lat' dir='ltr'>vestra</span> <span class='ocrx_word' id='word_1_184' title='bbox 2471 2016 2490 2051; x_wconf 90' lang='lat'>,</span> <span class='ocrx_word' id='word_1_185' title='bbox 2543 1982 2688 2033; x_wconf 87' lang='lat' dir='ltr'>tum</span> <span class='ocrx_word' id='word_1_186' title='bbox 2741 1959 3019 2033; x_wconf 79' lang='lat' dir='ltr'>Antonii</span> <span class='ocrx_word' id='word_1_187' title='bbox 3071 1957 3232 2025; x_wconf 85' lang='lat' dir='ltr'>faci·</span> 
     </span>
     <span class='ocr_line' id='line_1_17' title="bbox 246 2060 3234 2151; baseline -0.001 -24"><span class='ocrx_word' id='word_1_188' title='bbox 246 2060 402 2127; x_wconf 86' lang='lat' dir='ltr'>litas</span> <span class='ocrx_word' id='word_1_189' title='bbox 453 2064 737 2149; x_wconf 85' lang='lat' dir='ltr'>eripuit,</span> <span class='ocrx_word' id='word_1_190' title='bbox 784 2064 1039 2151; x_wconf 85' lang='lat' dir='ltr'>inquit,</span> <span class='ocrx_word' id='word_1_191' title='bbox 1088 2063 1251 2131; x_wconf 80' lang='lat' dir='ltr'>mihi</span> <span class='ocrx_word' id='word_1_192' title='bbox 1306 2064 1375 2129; x_wconf 90' lang='lat' dir='ltr'>in</span> <span class='ocrx_word' id='word_1_193' title='bbox 1424 2063 1670 2151; x_wconf 87' lang='lat' dir='ltr'>optima</span> <span class='ocrx_word' id='word_1_194' title='bbox 1724 2084 1871 2133; x_wconf 83' lang='lat' dir='ltr'>mea</span> <span class='ocrx_word' id='word_1_195' title='bbox 1922 2063 2119 2133; x_wconf 88' lang='lat' dir='ltr'>causa</span> <span class='ocrx_word' id='word_1_196' title='bbox 2159 2062 2524 2134; x_wconf 77' lang='lat' dir='ltr'>libertatern</span> <span class='ocrx_word' id='word_1_197' title='bbox 2581 2060 2968 2135; x_wconf 79' lang='lat' dir='ltr'>recusandi.-</span> <span class='ocrx_word' id='word_1_198' title='bbox 3023 2078 3234 2147; x_wconf 81' lang='lat' dir='ltr'>quan-</span> 
     </span>
     <span class='ocr_line' id='line_1_18' title="bbox 244 2160 3232 2256; baseline -0.001 -29"><span class='ocrx_word' id='word_1_199' title='bbox 244 2180 449 2249; x_wconf 83' lang='lat' dir='ltr'>quam</span> <span class='ocrx_word' id='word_1_200' title='bbox 510 2163 581 2228; x_wconf 90' lang='lat' dir='ltr'>in</span> <span class='ocrx_word' id='word_1_201' title='bbox 630 2162 967 2249; x_wconf 84' lang='lat' dir='ltr'>partienda</span> <span class='ocrx_word' id='word_1_202' title='bbox 1012 2160 1439 2251; x_wconf 88' lang='lat' dir='ltr'>disputatione</span> <span class='ocrx_word' id='word_1_203' title='bbox 1488 2160 1743 2248; x_wconf 87' lang='lat' dir='ltr'>nostra,</span> <span class='ocrx_word' id='word_1_204' title='bbox 1792 2182 1953 2235; x_wconf 85' lang='lat' dir='ltr'>cum</span> <span class='ocrx_word' id='word_1_205' title='bbox 2005 2163 2113 2233; x_wconf 85' lang='lat' dir='ltr'>fibi</span> <span class='ocrx_word' id='word_1_206' title='bbox 2170 2164 2254 2233; x_wconf 89' lang='lat' dir='ltr'>de</span> <span class='ocrx_word' id='word_1_207' title='bbox 2307 2167 2427 2250; x_wconf 86' lang='lat' dir='ltr'>iis,</span> <span class='ocrx_word' id='word_1_208' title='bbox 2475 2190 2621 2256; x_wconf 83' lang='lat' dir='ltr'>quae</span> <span class='ocrx_word' id='word_1_209' title='bbox 2657 2165 2785 2233; x_wconf 85' lang='lat' dir='ltr'>diei</span> <span class='ocrx_word' id='word_1_210' title='bbox 2839 2160 2920 2229; x_wconf 92' lang='lat' dir='ltr'>ab</span> <span class='ocrx_word' id='word_1_211' title='bbox 2975 2174 3232 2227; x_wconf 86' lang='lat' dir='ltr'>oratore</span> 
     </span>
     <span class='ocr_line' id='line_1_19' title="bbox 244 2259 3232 2357; baseline -0 -28"><span class='ocrx_word' id='word_1_212' title='bbox 244 2276 615 2350; x_wconf 82' lang='lat' dir='ltr'>oporteret,</span> <span class='ocrx_word' id='word_1_213' title='bbox 668 2263 945 2330; x_wconf 86' lang='lat' dir='ltr'>sumeret</span> <span class='ocrx_word' id='word_1_214' title='bbox 983 2290 1008 2347; x_wconf 87' lang='lat'>,-</span> <span class='ocrx_word' id='word_1_215' title='bbox 1062 2266 1225 2332; x_wconf 85' lang='lat' dir='ltr'>mihi</span> <span class='ocrx_word' id='word_1_216' title='bbox 1274 2280 1503 2341; x_wconf 85' lang='lat' dir='ltr'>autem</span> <span class='ocrx_word' id='word_1_217' title='bbox 1556 2262 1954 2352; x_wconf 88' lang='lat' dir='ltr'>relinqueret</span> <span class='ocrx_word' id='word_1_218' title='bbox 1996 2316 2017 2349; x_wconf 99' lang='lat'>,</span> <span class='ocrx_word' id='word_1_219' title='bbox 2072 2280 2149 2333; x_wconf 90' lang='lat' dir='ltr'>ut</span> <span class='ocrx_word' id='word_1_220' title='bbox 2203 2267 2612 2353; x_wconf 82' lang='lat' dir='ltr'>explicarem</span> <span class='ocrx_word' id='word_1_221' title='bbox 2649 2259 3232 2357; x_wconf 79' lang='lat' dir='ltr'>&#39;quemadmodum</span> 
     </span>
     <span class='ocr_line' id='line_1_20' title="bbox 244 2362 3231 2457; baseline -0 -29"><span class='ocrx_word' id='word_1_222' title='bbox 244 2362 365 2429; x_wconf 86' lang='lat' dir='ltr'>illa</span> <span class='ocrx_word' id='word_1_223' title='bbox 416 2364 635 2429; x_wconf 88' lang='lat' dir='ltr'>ornari</span> <span class='ocrx_word' id='word_1_224' title='bbox 688 2379 1017 2453; x_wconf 84' lang='lat' dir='ltr'>oporteret</span> <span class='ocrx_word' id='word_1_225' title='bbox 1058 2390 1079 2451; x_wconf 90' lang='lat'>;</span> <span class='ocrx_word' id='word_1_226' title='bbox 1118 2386 1191 2431; x_wconf 88' lang='lat' dir='ltr'>ea</span> <span class='ocrx_word' id='word_1_227' title='bbox 1242 2364 1452 2433; x_wconf 81' lang='lat' dir='ltr'>divifit</span> <span class='ocrx_word' id='word_1_228' title='bbox 1490 2415 1511 2448; x_wconf 96' lang='lat'>,</span> <span class='ocrx_word' id='word_1_229' title='bbox 1558 2384 1701 2452; x_wconf 73' lang='lat' dir='ltr'>qua:</span> <span class='ocrx_word' id='word_1_230' title='bbox 1754 2363 2047 2442; x_wconf 71' lang='lat' dir='ltr'>seiunsta</span> <span class='ocrx_word' id='word_1_231' title='bbox 2094 2365 2236 2434; x_wconf 89' lang='lat' dir='ltr'>esse</span> <span class='ocrx_word' id='word_1_232' title='bbox 2288 2389 2422 2434; x_wconf 89' lang='lat' dir='ltr'>non</span> <span class='ocrx_word' id='word_1_233' title='bbox 2479 2366 2786 2457; x_wconf 86' lang='lat' dir='ltr'>possunt.</span> <span class='ocrx_word' id='word_1_234' title='bbox 2839 2366 3020 2429; x_wconf 86' lang='lat' dir='ltr'>Nam</span> <span class='ocrx_word' id='word_1_235' title='bbox 3068 2380 3231 2430; x_wconf 87' lang='lat' dir='ltr'>cum</span> 
     </span>
     <span class='ocr_line' id='line_1_21' title="bbox 243 2460 3226 2556; baseline -0.001 -27"><span class='ocrx_word' id='word_1_236' title='bbox 243 2465 463 2531; x_wconf 85' lang='lat' dir='ltr'>omnis</span> <span class='ocrx_word' id='word_1_237' title='bbox 513 2486 595 2533; x_wconf 77' lang='lat' dir='ltr'>ex</span> <span class='ocrx_word' id='word_1_238' title='bbox 653 2487 721 2533; x_wconf 92' lang='lat' dir='ltr'>re</span> <span class='ocrx_word' id='word_1_239' title='bbox 758 2518 779 2552; x_wconf 95' lang='lat'>,</span> <span class='ocrx_word' id='word_1_240' title='bbox 849 2480 1045 2554; x_wconf 85' lang='lat' dir='ltr'>atque</span> <span class='ocrx_word' id='word_1_241' title='bbox 1102 2463 1309 2533; x_wconf 84' lang='lat' dir='ltr'>verbis</span> <span class='ocrx_word' id='word_1_242' title='bbox 1356 2462 1601 2532; x_wconf 88' lang='lat' dir='ltr'>constet</span> <span class='ocrx_word' id='word_1_243' title='bbox 1658 2464 1865 2532; x_wconf 88' lang='lat' dir='ltr'>oratio</span> <span class='ocrx_word' id='word_1_244' title='bbox 1910 2492 1931 2553; x_wconf 81' lang='lat'>3</span> <span class='ocrx_word' id='word_1_245' title='bbox 2002 2486 2216 2556; x_wconf 91' lang='lat' dir='ltr'>neque</span> <span class='ocrx_word' id='word_1_246' title='bbox 2271 2466 2460 2535; x_wconf 78' lang='lat' dir='ltr'>verba</span> <span class='ocrx_word' id='word_1_247' title='bbox 2517 2466 2738 2536; x_wconf 85' lang='lat' dir='ltr'>sedern</span> <span class='ocrx_word' id='word_1_248' title='bbox 2791 2462 3030 2533; x_wconf 84' lang='lat' dir='ltr'>habere</span> <span class='ocrx_word' id='word_1_249' title='bbox 3081 2460 3226 2550; x_wconf 77' lang='lat' dir='ltr'>pos-</span> 
     </span>
     <span class='ocr_line' id='line_1_22' title="bbox 242 2562 2766 2654; baseline 0.001 -24"><span class='ocrx_word' id='word_1_250' title='bbox 242 2562 437 2651; x_wconf 86' lang='lat' dir='ltr'>sunt,</span> <span class='ocrx_word' id='word_1_251' title='bbox 486 2564 535 2631; x_wconf 82' lang='lat' dir='ltr'><strong>fi</strong></span> <span class='ocrx_word' id='word_1_252' title='bbox 584 2585 727 2635; x_wconf 83' lang='lat' dir='ltr'>rem</span> <span class='ocrx_word' id='word_1_253' title='bbox 782 2566 1223 2651; x_wconf 83' lang='lat' dir='ltr'>subtraxeris,</span> <span class='ocrx_word' id='word_1_254' title='bbox 1272 2584 1485 2654; x_wconf 91' lang='lat' dir='ltr'>neque</span> <span class='ocrx_word' id='word_1_255' title='bbox 1539 2582 1641 2633; x_wconf 86' lang='lat' dir='ltr'>res</span> <span class='ocrx_word' id='word_1_256' title='bbox 1694 2564 1925 2633; x_wconf 85' lang='lat' dir='ltr'>lumen</span> <span class='ocrx_word' id='word_1_257' title='bbox 1953 2618 1989 2652; x_wconf 53' lang='lat'>,‚</span> <span class='ocrx_word' id='word_1_258' title='bbox 2022 2564 2070 2631; x_wconf 82' lang='lat' dir='ltr'><strong>fi</strong></span> <span class='ocrx_word' id='word_1_259' title='bbox 2128 2563 2325 2635; x_wconf 85' lang='lat' dir='ltr'>verba</span> <span class='ocrx_word' id='word_1_260' title='bbox 2380 2567 2766 2637; x_wconf 78' lang='lat' dir='ltr'>semoveris.</span> 
     </span>
    </p>

    <p class='ocr_par' dir='ltr' id='par_1_5' title="bbox 240 2660 3228 3259">
     <span class='ocr_line' id='line_1_23' title="bbox 344 2660 3228 2762; baseline -0 -32"><span class='ocrx_word' id='word_1_261' title='bbox 344 2667 451 2733; x_wconf 84' lang='lat' dir='ltr'>Ac</span> <span class='ocrx_word' id='word_1_262' title='bbox 500 2668 664 2734; x_wconf 87' lang='lat' dir='ltr'>mihi</span> <span class='ocrx_word' id='word_1_263' title='bbox 716 2668 984 2762; x_wconf 62' lang='lat' dir='ltr'>quidem</span> <span class='ocrx_word' id='word_1_264' title='bbox 1040 2684 1295 2735; x_wconf 81' lang='lat' dir='ltr'>veteres</span> <span class='ocrx_word' id='word_1_265' title='bbox 1351 2665 1495 2751; x_wconf 90' lang='lat' dir='ltr'>illi,</span> <span class='ocrx_word' id='word_1_266' title='bbox 1548 2666 1765 2744; x_wconf 81' lang='lat' dir='ltr'>majus</span> <span class='ocrx_word' id='word_1_267' title='bbox 1814 2666 2127 2755; x_wconf 82' lang='lat' dir='ltr'>quiddam</span> <span class='ocrx_word' id='word_1_268' title='bbox 2185 2669 2408 2737; x_wconf 88' lang='lat' dir='ltr'>animo</span> <span class='ocrx_word' id='word_1_269' title='bbox 2453 2668 2830 2758; x_wconf 82' lang='lat' dir='ltr'>complexi,</span> <span class='ocrx_word' id='word_1_270' title='bbox 2879 2664 3030 2754; x_wconf 90' lang='lat' dir='ltr'>plus</span> <span class='ocrx_word' id='word_1_271' title='bbox 3051 2660 3228 2729; x_wconf 83' lang='lat' dir='ltr'>rnul-</span> 
     </span>
     <span class='ocr_line' id='line_1_24' title="bbox 242 2764 3226 2860; baseline 0 -32"><span class='ocrx_word' id='word_1_272' title='bbox 242 2780 313 2829; x_wconf 75' lang='grc' dir='ltr'>ιο</span> <span class='ocrx_word' id='word_1_273' title='bbox 360 2767 555 2833; x_wconf 87' lang='lat' dir='ltr'>etiam</span> <span class='ocrx_word' id='word_1_274' title='bbox 613 2766 845 2837; x_wconf 83' lang='lat' dir='ltr'>vidisse</span> <span class='ocrx_word' id='word_1_275' title='bbox 896 2767 1197 2839; x_wconf 88' lang='lat' dir='ltr'>videntur</span> <span class='ocrx_word' id='word_1_276' title='bbox 1248 2820 1269 2853; x_wconf 99' lang='lat'>,</span> <span class='ocrx_word' id='word_1_277' title='bbox 1333 2784 1539 2857; x_wconf 83' lang='lat' dir='ltr'>quam</span> <span class='ocrx_word' id='word_1_278' title='bbox 1586 2786 1920 2855; x_wconf 85' lang='lat' dir='ltr'>quantum</span> <span class='ocrx_word' id='word_1_279' title='bbox 1986 2766 2358 2837; x_wconf 83' lang='lat' dir='ltr'>nostrorum</span> <span class='ocrx_word' id='word_1_280' title='bbox 2413 2771 2833 2860; x_wconf 85' lang='lat' dir='ltr'>ingeniorum</span> <span class='ocrx_word' id='word_1_281' title='bbox 2903 2766 3074 2833; x_wconf 87' lang='lat' dir='ltr'>acies</span> <span class='ocrx_word' id='word_1_282' title='bbox 3125 2764 3226 2828; x_wconf 87' lang='lat' dir='ltr'>in-</span> 
     </span>
     <span class='ocr_line' id='line_1_25' title="bbox 242 2866 3224 2958; baseline 0 -30"><span class='ocrx_word' id='word_1_283' title='bbox 242 2870 411 2934; x_wconf 86' lang='lat' dir='ltr'>tueri</span> <span class='ocrx_word' id='word_1_284' title='bbox 462 2867 724 2953; x_wconf 88' lang='lat' dir='ltr'>potest:</span> <span class='ocrx_word' id='word_1_285' title='bbox 805 2868 919 2958; x_wconf 89' lang='lat' dir='ltr'>qui</span> <span class='ocrx_word' id='word_1_286' title='bbox 968 2871 1195 2939; x_wconf 84' lang='lat' dir='ltr'>omnia</span> <span class='ocrx_word' id='word_1_287' title='bbox 1248 2870 1385 2941; x_wconf 76' lang='lat' dir='ltr'>haec</span> <span class='ocrx_word' id='word_1_288' title='bbox 1426 2916 1449 2950; x_wconf 92' lang='lat'>‚</span> <span class='ocrx_word' id='word_1_289' title='bbox 1514 2888 1659 2956; x_wconf 81' lang='lat' dir='ltr'>quae</span> <span class='ocrx_word' id='word_1_290' title='bbox 1711 2866 1905 2956; x_wconf 84' lang='lat' dir='ltr'>supra</span> <span class='ocrx_word' id='word_1_291' title='bbox 1962 2869 2035 2937; x_wconf 88' lang='lat'>&amp;</span> <span class='ocrx_word' id='word_1_292' title='bbox 2096 2867 2306 2941; x_wconf 86' lang='lat' dir='ltr'>subter</span> <span class='ocrx_word' id='word_1_293' title='bbox 2347 2920 2366 2955; x_wconf 91' lang='lat'>,</span> <span class='ocrx_word' id='word_1_294' title='bbox 2415 2892 2636 2939; x_wconf 86' lang='lat' dir='ltr'>unum</span> <span class='ocrx_word' id='word_1_295' title='bbox 2683 2867 2818 2935; x_wconf 84' lang='lat' dir='ltr'>esse</span> <span class='ocrx_word' id='word_1_296' title='bbox 2862 2917 2885 2951; x_wconf 87' lang='lat'>,</span> <span class='ocrx_word' id='word_1_297' title='bbox 2957 2868 3028 2935; x_wconf 87' lang='lat'>&amp;</span> <span class='ocrx_word' id='word_1_298' title='bbox 3086 2884 3224 2929; x_wconf 85' lang='lat' dir='ltr'>una</span> 
     </span>
     <span class='ocr_line' id='line_1_26' title="bbox 242 2964 3224 3054; baseline 0.001 -23"><span class='ocrx_word' id='word_1_299' title='bbox 242 2964 359 3050; x_wconf 77' lang='lat' dir='ltr'>vi,</span> <span class='ocrx_word' id='word_1_300' title='bbox 408 2980 603 3054; x_wconf 88' lang='lat' dir='ltr'>atque</span> <span class='ocrx_word' id='word_1_301' title='bbox 650 2986 785 3036; x_wconf 85' lang='lat' dir='ltr'>una</span> <span class='ocrx_word' id='word_1_302' title='bbox 836 2970 1257 3037; x_wconf 78' lang='lat' dir='ltr'>consensione</span> <span class='ocrx_word' id='word_1_303' title='bbox 1308 2984 1562 3035; x_wconf 73' lang='lat' dir='ltr'>natura:</span> <span class='ocrx_word' id='word_1_304' title='bbox 1610 2966 1962 3036; x_wconf 72' lang='lat' dir='ltr'>constrit‘ta</span> <span class='ocrx_word' id='word_1_305' title='bbox 2014 2966 2153 3036; x_wconf 89' lang='lat' dir='ltr'>esse</span> <span class='ocrx_word' id='word_1_306' title='bbox 2191 2969 2538 3041; x_wconf 79' lang='lat' dir='ltr'>dixerunt.</span> <span class='ocrx_word' id='word_1_307' title='bbox 2593 2970 2881 3043; x_wconf 85' lang='lat' dir='ltr'>Nullum</span> <span class='ocrx_word' id='word_1_308' title='bbox 2931 2964 3224 3035; x_wconf 86' lang='lat' dir='ltr'>estenim</span> 
     </span>
     <span class='ocr_line' id='line_1_27' title="bbox 240 3066 3222 3158; baseline 0 -27"><span class='ocrx_word' id='word_1_309' title='bbox 240 3084 455 3151; x_wconf 83' lang='lat' dir='ltr'>genus</span> <span class='ocrx_word' id='word_1_310' title='bbox 508 3086 731 3133; x_wconf 84' lang='lat' dir='ltr'>rerum</span> <span class='ocrx_word' id='word_1_311' title='bbox 774 3116 795 3148; x_wconf 89' lang='lat'><strong>‚</strong></span> <span class='ocrx_word' id='word_1_312' title='bbox 864 3068 1033 3153; x_wconf 88' lang='lat' dir='ltr'>quod</span> <span class='ocrx_word' id='word_1_313' title='bbox 1084 3086 1199 3132; x_wconf 87' lang='lat' dir='ltr'>aut</span> <span class='ocrx_word' id='word_1_314' title='bbox 1252 3066 1564 3133; x_wconf 86' lang='lat' dir='ltr'>avulsum</span> <span class='ocrx_word' id='word_1_315' title='bbox 1616 3088 1654 3133; x_wconf 85' lang='lat' dir='ltr'>a</span> <span class='ocrx_word' id='word_1_316' title='bbox 1705 3074 1953 3137; x_wconf 71' lang='lat' dir='ltr'>caeteris</span> <span class='ocrx_word' id='word_1_317' title='bbox 2002 3088 2115 3155; x_wconf 81' lang='lat' dir='ltr'>per</span> <span class='ocrx_word' id='word_1_318' title='bbox 2172 3069 2448 3158; x_wconf 87' lang='lat' dir='ltr'>seipsum</span> <span class='ocrx_word' id='word_1_319' title='bbox 2501 3071 2795 3139; x_wconf 85' lang='lat' dir='ltr'>constare</span> <span class='ocrx_word' id='word_1_320' title='bbox 2834 3122 2858 3155; x_wconf 91' lang='lat'>,</span> <span class='ocrx_word' id='word_1_321' title='bbox 2926 3081 3040 3137; x_wconf 91' lang='lat' dir='ltr'>aut</span> <span class='ocrx_word' id='word_1_322' title='bbox 3089 3086 3222 3155; x_wconf 87' lang='lat' dir='ltr'>quo</span> 
     </span>
     <span class='ocr_line' id='line_1_28' title="bbox 241 3164 2868 3259; baseline 0.003 -32"><span class='ocrx_word' id='word_1_323' title='bbox 241 3183 483 3230; x_wconf 82' lang='lat' dir='ltr'>caetera</span> <span class='ocrx_word' id='word_1_324' title='bbox 532 3164 579 3230; x_wconf 84' lang='lat' dir='ltr'>fi</span> <span class='ocrx_word' id='word_1_325' title='bbox 628 3184 947 3249; x_wconf 82' lang='lat' dir='ltr'>careant,</span> <span class='ocrx_word' id='word_1_326' title='bbox 998 3168 1135 3232; x_wconf 81' lang='lat' dir='ltr'>vim</span> <span class='ocrx_word' id='word_1_327' title='bbox 1193 3165 1379 3231; x_wconf 88' lang='lat' dir='ltr'>suam</span> <span class='ocrx_word' id='word_1_328' title='bbox 1431 3183 1627 3254; x_wconf 88' lang='lat' dir='ltr'>atque</span> <span class='ocrx_word' id='word_1_329' title='bbox 1674 3173 2103 3236; x_wconf 71' lang='lat' dir='ltr'>aeternitatem</span> <span class='ocrx_word' id='word_1_330' title='bbox 2154 3174 2552 3240; x_wconf 86' lang='lat' dir='ltr'>conservare</span> <span class='ocrx_word' id='word_1_331' title='bbox 2603 3171 2868 3259; x_wconf 83' lang='lat' dir='ltr'>possint.</span> 
     </span>
    </p>

    <p class='ocr_par' dir='ltr' id='par_1_6' title="bbox 232 3261 3226 3956">
     <span class='ocr_line' id='line_1_29' title="bbox 352 3261 3218 3357; baseline 0.003 -32"><span class='ocrx_word' id='word_1_332' title='bbox 352 3263 472 3326; x_wconf 90' lang='lat' dir='ltr'>VI.</span> <span class='ocrx_word' id='word_1_333' title='bbox 528 3261 652 3329; x_wconf 90' lang='lat' dir='ltr'>Sed</span> <span class='ocrx_word' id='word_1_334' title='bbox 704 3263 753 3330; x_wconf 87' lang='lat' dir='ltr'>fi</span> <span class='ocrx_word' id='word_1_335' title='bbox 800 3265 935 3331; x_wconf 86' lang='lat' dir='ltr'>haec</span> <span class='ocrx_word' id='word_1_336' title='bbox 992 3266 1203 3342; x_wconf 79' lang='lat' dir='ltr'>major</span> <span class='ocrx_word' id='word_1_337' title='bbox 1250 3265 1370 3331; x_wconf 80' lang='lat' dir='ltr'>effe</span> <span class='ocrx_word' id='word_1_338' title='bbox 1418 3268 1583 3331; x_wconf 87' lang='lat' dir='ltr'>ratio</span> <span class='ocrx_word' id='word_1_339' title='bbox 1635 3266 1932 3351; x_wconf 85' lang='lat' dir='ltr'>videtur,</span> <span class='ocrx_word' id='word_1_340' title='bbox 1983 3289 2186 3357; x_wconf 83' lang='lat' dir='ltr'>quam</span> <span class='ocrx_word' id='word_1_341' title='bbox 2258 3286 2332 3336; x_wconf 91' lang='lat' dir='ltr'>ut</span> <span class='ocrx_word' id='word_1_342' title='bbox 2381 3271 2734 3336; x_wconf 86' lang='lat' dir='ltr'>homiuum</span> <span class='ocrx_word' id='word_1_343' title='bbox 2783 3269 2960 3355; x_wconf 84' lang='lat' dir='ltr'>poffit</span> <span class='ocrx_word' id='word_1_344' title='bbox 3027 3264 3218 3333; x_wconf 88' lang='lat' dir='ltr'>sensu</span> 
     </span>
     <span class='ocr_line' id='line_1_30' title="bbox 239 3361 3226 3454; baseline 0.001 -30"><span class='ocrx_word' id='word_1_345' title='bbox 239 3375 359 3424; x_wconf 85' lang='lat' dir='ltr'>aut</span> <span class='ocrx_word' id='word_1_346' title='bbox 408 3361 808 3450; x_wconf 85' lang='lat' dir='ltr'>cogitatione</span> <span class='ocrx_word' id='word_1_347' title='bbox 856 3364 1385 3453; x_wconf 85' lang='lat' dir='ltr'>comprehendi,</span> <span class='ocrx_word' id='word_1_348' title='bbox 1449 3363 1543 3430; x_wconf 87' lang='lat' dir='ltr'>est</span> <span class='ocrx_word' id='word_1_349' title='bbox 1589 3364 1791 3434; x_wconf 87' lang='lat' dir='ltr'>etiam</span> <span class='ocrx_word' id='word_1_350' title='bbox 1844 3367 1959 3452; x_wconf 79' lang='lat' dir='ltr'>illa</span> <span class='ocrx_word' id='word_1_351' title='bbox 2012 3366 2302 3433; x_wconf 85' lang='lat' dir='ltr'>Platonis</span> <span class='ocrx_word' id='word_1_352' title='bbox 2367 3379 2564 3454; x_wconf 86' lang='lat'>(19)</span> <span class='ocrx_word' id='word_1_353' title='bbox 2623 3389 2772 3434; x_wconf 87' lang='lat' dir='ltr'>vera</span> <span class='ocrx_word' id='word_1_354' title='bbox 2815 3417 2836 3450; x_wconf 88' lang='lat'>,</span> <span class='ocrx_word' id='word_1_355' title='bbox 2905 3369 2977 3433; x_wconf 89' lang='lat'>&amp;</span> <span class='ocrx_word' id='word_1_356' title='bbox 3035 3364 3145 3428; x_wconf 90' lang='lat' dir='ltr'>tibi</span> <span class='ocrx_word' id='word_1_357' title='bbox 3202 3415 3226 3447; x_wconf 85' lang='lat'>,</span> 
     </span>
     <span class='ocr_line' id='line_1_31' title="bbox 236 3461 3223 3554; baseline 0.001 -30"><span class='ocrx_word' id='word_1_358' title='bbox 236 3461 521 3547; x_wconf 82' lang='lat' dir='ltr'>Catule,</span> <span class='ocrx_word' id='word_1_359' title='bbox 568 3481 745 3533; x_wconf 87' lang='lat' dir='ltr'>certe</span> <span class='ocrx_word' id='word_1_360' title='bbox 795 3486 933 3532; x_wconf 89' lang='lat' dir='ltr'>non</span> <span class='ocrx_word' id='word_1_361' title='bbox 984 3464 1271 3536; x_wconf 87' lang='lat' dir='ltr'>inaudita</span> <span class='ocrx_word' id='word_1_362' title='bbox 1328 3483 1459 3530; x_wconf 77' lang='lat' dir='ltr'>vox</span> <span class='ocrx_word' id='word_1_363' title='bbox 1504 3516 1527 3550; x_wconf 92' lang='lat'>,</span> <span class='ocrx_word' id='word_1_364' title='bbox 1576 3467 1873 3534; x_wconf 86' lang='lat' dir='ltr'>Omnem</span> <span class='ocrx_word' id='word_1_365' title='bbox 1920 3463 2286 3532; x_wconf 67' lang='lat' dir='ltr'>dostrinam</span> <span class='ocrx_word' id='word_1_366' title='bbox 2335 3467 2576 3533; x_wconf 87' lang='lat' dir='ltr'>harum</span> <span class='ocrx_word' id='word_1_367' title='bbox 2649 3469 3092 3554; x_wconf 81' lang='lat' dir='ltr'>ingenuarum</span> <span class='ocrx_word' id='word_1_368' title='bbox 3147 3469 3223 3550; x_wconf 76' lang='lat'>&amp;</span> 
     </span>
     <span class='ocr_line' id='line_1_32' title="bbox 236 3558 3224 3652; baseline 0.003 -29"><span class='ocrx_word' id='word_1_369' title='bbox 236 3558 695 3632; x_wconf 84' lang='lat' dir='ltr'>humanarum</span> <span class='ocrx_word' id='word_1_370' title='bbox 748 3564 991 3632; x_wconf 84' lang='lat' dir='ltr'>artium</span> <span class='ocrx_word' id='word_1_371' title='bbox 1048 3585 1181 3632; x_wconf 90' lang='lat' dir='ltr'>uno</span> <span class='ocrx_word' id='word_1_372' title='bbox 1228 3567 1517 3652; x_wconf 86' lang='lat' dir='ltr'>quodam</span> <span class='ocrx_word' id='word_1_373' title='bbox 1566 3564 1884 3634; x_wconf 86' lang='lat' dir='ltr'>societatis</span> <span class='ocrx_word' id='word_1_374' title='bbox 1938 3564 2214 3633; x_wconf 87' lang='lat' dir='ltr'>vinculo</span> <span class='ocrx_word' id='word_1_375' title='bbox 2260 3568 2623 3634; x_wconf 88' lang='lat' dir='ltr'>contineri.</span> <span class='ocrx_word' id='word_1_376' title='bbox 2682 3565 2807 3631; x_wconf 91' lang='lat' dir='ltr'>Ubi</span> <span class='ocrx_word' id='word_1_377' title='bbox 2859 3567 3038 3632; x_wconf 86' lang='lat' dir='ltr'>enim</span> <span class='ocrx_word' id='word_1_378' title='bbox 3077 3584 3224 3648; x_wconf 86' lang='lat' dir='ltr'>per-</span> 
     </span>
     <span class='ocr_line' id='line_1_33' title="bbox 236 3655 3224 3760; baseline 0.002 -35"><span class='ocrx_word' id='word_1_379' title='bbox 236 3655 455 3745; x_wconf 67' lang='lat' dir='ltr'>spesta</span> <span class='ocrx_word' id='word_1_380' title='bbox 511 3664 609 3728; x_wconf 87' lang='lat' dir='ltr'>vis</span> <span class='ocrx_word' id='word_1_381' title='bbox 662 3664 755 3732; x_wconf 90' lang='lat' dir='ltr'>est</span> <span class='ocrx_word' id='word_1_382' title='bbox 807 3665 1082 3732; x_wconf 88' lang='lat' dir='ltr'>rationis</span> <span class='ocrx_word' id='word_1_383' title='bbox 1131 3665 1319 3750; x_wconf 77' lang='lat' dir='ltr'>eiuS,</span> <span class='ocrx_word' id='word_1_384' title='bbox 1370 3689 1501 3755; x_wconf 85' lang='lat' dir='ltr'>qua</span> <span class='ocrx_word' id='word_1_385' title='bbox 1556 3666 1763 3734; x_wconf 69' lang='lat' dir='ltr'>causat</span> <span class='ocrx_word' id='word_1_386' title='bbox 1820 3685 2047 3742; x_wconf 83' lang='lat' dir='ltr'>rerum</span> <span class='ocrx_word' id='word_1_387' title='bbox 2099 3683 2295 3754; x_wconf 85' lang='lat' dir='ltr'>atque</span> <span class='ocrx_word' id='word_1_388' title='bbox 2359 3669 2598 3760; x_wconf 26' lang='lat' dir='ltr'>exitus,</span> <span class='ocrx_word' id='word_1_389' title='bbox 2648 3665 3150 3755; x_wconf 86' lang='lat' dir='ltr'>cognoscuntur</span> <span class='ocrx_word' id='word_1_390' title='bbox 3201 3717 3224 3752; x_wconf 90' lang='lat'>,</span> 
     </span>
     <span class='ocr_line' id='line_1_34' title="bbox 232 3760 3226 3856; baseline 0.001 -33"><span class='ocrx_word' id='word_1_391' title='bbox 232 3760 449 3826; x_wconf 77' lang='lat' dir='ltr'>mirus</span> <span class='ocrx_word' id='word_1_392' title='bbox 505 3761 768 3850; x_wconf 87' lang='lat' dir='ltr'>quidam</span> <span class='ocrx_word' id='word_1_393' title='bbox 820 3767 1126 3832; x_wconf 86' lang='lat' dir='ltr'>omnium</span> <span class='ocrx_word' id='word_1_394' title='bbox 1194 3769 1377 3856; x_wconf 76' lang='lat' dir='ltr'>quasi</span> <span class='ocrx_word' id='word_1_395' title='bbox 1450 3766 1801 3834; x_wconf 86' lang='lat' dir='ltr'>consensus</span> <span class='ocrx_word' id='word_1_396' title='bbox 1848 3765 2298 3834; x_wconf 62' lang='lat' dir='ltr'>doctrinarum</span> <span class='ocrx_word' id='word_1_397' title='bbox 2341 3817 2368 3852; x_wconf 90' lang='lat'>,</span> <span class='ocrx_word' id='word_1_398' title='bbox 2431 3765 2914 3856; x_wconf 89' lang='lat' dir='ltr'>concentusque</span> <span class='ocrx_word' id='word_1_399' title='bbox 2985 3769 3226 3851; x_wconf 88' lang='lat' dir='ltr'>reperi..</span> 
     </span>
     <span class='ocr_line' id='line_1_35' title="bbox 234 3861 3226 3956; baseline 0.003 -34"><span class='ocrx_word' id='word_1_400' title='bbox 234 3875 387 3930; x_wconf 84' lang='lat' dir='ltr'>tur.</span> <span class='ocrx_word' id='word_1_401' title='bbox 438 3861 563 3928; x_wconf 88' lang='lat' dir='ltr'>Sed</span> <span class='ocrx_word' id='word_1_402' title='bbox 614 3862 661 3930; x_wconf 81' lang='lat' dir='ltr'>fi</span> <span class='ocrx_word' id='word_1_403' title='bbox 713 3865 839 3932; x_wconf 85' lang='lat' dir='ltr'>hoc</span> <span class='ocrx_word' id='word_1_404' title='bbox 888 3884 1150 3954; x_wconf 81' lang='lat' dir='ltr'>quoque</span> <span class='ocrx_word' id='word_1_405' title='bbox 1202 3867 1455 3933; x_wconf 75' lang='lat' dir='ltr'>videtur</span> <span class='ocrx_word' id='word_1_406' title='bbox 1522 3866 1643 3932; x_wconf 80' lang='lat' dir='ltr'>effe</span> <span class='ocrx_word' id='word_1_407' title='bbox 1710 3867 1906 3932; x_wconf 85' lang='lat' dir='ltr'>altius</span> <span class='ocrx_word' id='word_1_408' title='bbox 1953 3920 1973 3950; x_wconf 94' lang='lat'>,</span> <span class='ocrx_word' id='word_1_409' title='bbox 2042 3885 2247 3956; x_wconf 85' lang='lat' dir='ltr'>quam</span> <span class='ocrx_word' id='word_1_410' title='bbox 2319 3883 2392 3933; x_wconf 91' lang='lat' dir='ltr'>ut</span> <span class='ocrx_word' id='word_1_411' title='bbox 2461 3865 2524 3932; x_wconf 87' lang='lat' dir='ltr'>id</span> <span class='ocrx_word' id='word_1_412' title='bbox 2591 3887 2720 3932; x_wconf 88' lang='lat' dir='ltr'>nos</span> <span class='ocrx_word' id='word_1_413' title='bbox 2784 3867 2974 3932; x_wconf 79' lang='lat' dir='ltr'>humi</span> <span class='ocrx_word' id='word_1_414' title='bbox 3045 3867 3226 3934; x_wconf 81' lang='lat' dir='ltr'>strati</span> 
     </span>
    </p>
   </div>
   <div class='ocr_carea' id='block_1_3' title="bbox 236 3957 3224 4152">
    <p class='ocr_par' dir='ltr' id='par_1_7' title="bbox 236 3957 3224 4152">
     <span class='ocr_line' id='line_1_36' title="bbox 236 3957 3224 4056; baseline 0.004 -32"><span class='ocrx_word' id='word_1_415' title='bbox 236 3957 559 4050; x_wconf 87' lang='lat' dir='ltr'>suspicere</span> <span class='ocrx_word' id='word_1_416' title='bbox 608 3963 956 4053; x_wconf 85' lang='lat' dir='ltr'>poffimus,</span> <span class='ocrx_word' id='word_1_417' title='bbox 1002 3964 1170 4033; x_wconf 86' lang='lat' dir='ltr'>illud</span> <span class='ocrx_word' id='word_1_418' title='bbox 1223 3986 1403 4037; x_wconf 85' lang='lat' dir='ltr'>certe</span> <span class='ocrx_word' id='word_1_419' title='bbox 1453 3983 1679 4036; x_wconf 85' lang='lat' dir='ltr'>tamen</span> <span class='ocrx_word' id='word_1_420' title='bbox 1718 4019 1745 4055; x_wconf 88' lang='lat'>,</span> <span class='ocrx_word' id='word_1_421' title='bbox 1809 3967 1981 4055; x_wconf 84' lang='lat' dir='ltr'>quod</span> <span class='ocrx_word' id='word_1_422' title='bbox 2036 3965 2328 4056; x_wconf 79' lang='lat' dir='ltr'>amplexi</span> <span class='ocrx_word' id='word_1_423' title='bbox 2383 3965 2614 4035; x_wconf 84' lang='lat' dir='ltr'>sumus</span> <span class='ocrx_word' id='word_1_424' title='bbox 2645 4017 2670 4054; x_wconf 91' lang='lat'>,</span> <span class='ocrx_word' id='word_1_425' title='bbox 2733 3967 2906 4056; x_wconf 81' lang='lat' dir='ltr'>quod</span> <span class='ocrx_word' id='word_1_426' title='bbox 2961 3967 3224 4053; x_wconf 83' lang='lat' dir='ltr'>profite-</span> 
     </span>
     <span class='ocr_line' id='line_1_37' title="bbox 2929 4089 3128 4152; baseline -0.005 -18"><span class='ocrx_word' id='word_1_427' title='bbox 2929 4089 3128 4152; x_wconf 86' lang='lat' dir='ltr'>mur,</span> 
     </span>
    </p>
   </div>
   <div class='ocr_carea' id='block_1_4' title="bbox 287 4273 3220 4350">
    <p class='ocr_par' dir='ltr' id='par_1_8' title="bbox 287 4273 3220 4350">
     <span class='ocr_line' id='line_1_38' title="bbox 287 4273 3220 4350; baseline -0 -7"><span class='ocrx_word' id='word_1_428' title='bbox 287 4273 3220 4350; x_wconf 53' lang='grc' dir='ltr'><strong>Μ</strong></span> 
     </span>
    </p>
   </div>
   <div class='ocr_carea' id='block_1_5' title="bbox 229 4427 3224 5074">
    <p class='ocr_par' dir='ltr' id='par_1_9' title="bbox 229 4427 3224 5074">
     <span class='ocr_line' id='line_1_39' title="bbox 307 4427 3224 4506; baseline 0 -22"><span class='ocrx_word' id='word_1_429' title='bbox 307 4434 465 4494; x_wconf 81' lang='lat'><strong>(18)</strong></span> <span class='ocrx_word' id='word_1_430' title='bbox 504 4429 823 4488; x_wconf 75' lang='lat' dir='ltr'>Exhedram</span> <span class='ocrx_word' id='word_1_431' title='bbox 853 4433 882 4493; x_wconf 85' lang='lat'>)</span> <span class='ocrx_word' id='word_1_432' title='bbox 939 4429 1009 4489; x_wconf 89' lang='lat' dir='ltr'>Id</span> <span class='ocrx_word' id='word_1_433' title='bbox 1045 4430 1121 4487; x_wconf 82' lang='lat' dir='ltr'>est</span> <span class='ocrx_word' id='word_1_434' title='bbox 1156 4473 1172 4496; x_wconf 92' lang='lat'>,</span> <span class='ocrx_word' id='word_1_435' title='bbox 1212 4431 1387 4493; x_wconf 86' lang='lat' dir='ltr'>locum</span> <span class='ocrx_word' id='word_1_436' title='bbox 1426 4432 1675 4490; x_wconf 84' lang='lat' dir='ltr'>triclinio</span> <span class='ocrx_word' id='word_1_437' title='bbox 1848 4438 1877 4497; x_wconf 84' lang='lat'><strong>(</strong></span> <span class='ocrx_word' id='word_1_438' title='bbox 1907 4440 2011 4504; x_wconf 84' lang='lat'>¹9)</span> <span class='ocrx_word' id='word_1_439' title='bbox 2046 4431 2137 4503; x_wconf 73' lang='lat' dir='ltr'>1:st</span> <span class='ocrx_word' id='word_1_440' title='bbox 2176 4437 2351 4489; x_wconf 75' lang='lat' dir='ltr'>etiam</span> <span class='ocrx_word' id='word_1_441' title='bbox 2399 4433 2508 4488; x_wconf 73' lang='lat' dir='ltr'>illa</span> <span class='ocrx_word' id='word_1_442' title='bbox 2547 4431 2800 4488; x_wconf 62' lang='lat' dir='ltr'>Platonis</span> <span class='ocrx_word' id='word_1_443' title='bbox 2832 4435 2856 4492; x_wconf 88' lang='lat'>)</span> <span class='ocrx_word' id='word_1_444' title='bbox 2895 4427 3061 4502; x_wconf 82' lang='lat' dir='ltr'>Apud</span> <span class='ocrx_word' id='word_1_445' title='bbox 3098 4427 3224 4506; x_wconf 60' lang='lat'>1³14-</span> 
     </span>
     <span class='ocr_line' id='line_1_40' title="bbox 231 4497 3224 4575; baseline -0 -18"><span class='ocrx_word' id='word_1_446' title='bbox 231 4503 291 4557; x_wconf 73' lang='lat'>&amp;</span> <span class='ocrx_word' id='word_1_447' title='bbox 329 4502 611 4560; x_wconf 69' lang='lat' dir='ltr'>coenaculo</span> <span class='ocrx_word' id='word_1_448' title='bbox 646 4500 883 4560; x_wconf 77' lang='lat' dir='ltr'>similem</span> <span class='ocrx_word' id='word_1_449' title='bbox 916 4523 933 4561; x_wconf 75' lang='grc' dir='ltr'><strong><em>ε</em></strong></span> <span class='ocrx_word' id='word_1_450' title='bbox 978 4501 1076 4570; x_wconf 66' lang='lat' dir='ltr'>nbi</span> <span class='ocrx_word' id='word_1_451' title='bbox 1116 4523 1229 4560; x_wconf 85' lang='lat' dir='ltr'>non</span> <span class='ocrx_word' id='word_1_452' title='bbox 1272 4504 1395 4562; x_wconf 71' lang='lat' dir='ltr'>leffl</span> <span class='ocrx_word' id='word_1_453' title='bbox 1434 4502 1501 4560; x_wconf 86' lang='lat' dir='ltr'>ad</span> <span class='ocrx_word' id='word_1_454' title='bbox 1538 4503 1677 4561; x_wconf 83' lang='lat' dir='ltr'>dor·</span> <span class='ocrx_word' id='word_1_455' title='bbox 1776 4521 1967 4565; x_wconf 74' lang='lat' dir='ltr'>ionem</span> <span class='ocrx_word' id='word_1_456' title='bbox 2022 4502 2216 4575; x_wconf 76' lang='lat' dir='ltr'>saepius</span> <span class='ocrx_word' id='word_1_457' title='bbox 2269 4499 2528 4574; x_wconf 65' lang='lat' dir='ltr'>sophista</span> <span class='ocrx_word' id='word_1_458' title='bbox 2579 4501 2646 4558; x_wconf 86' lang='lat' dir='ltr'>de</span> <span class='ocrx_word' id='word_1_459' title='bbox 2683 4519 2868 4558; x_wconf 81' lang='lat' dir='ltr'>rerum</span> <span class='ocrx_word' id='word_1_460' title='bbox 2911 4518 3098 4558; x_wconf 78' lang='lat' dir='ltr'>natura</span> <span class='ocrx_word' id='word_1_461' title='bbox 3131 4497 3224 4556; x_wconf 84' lang='lat' dir='ltr'>dt-</span> 
     </span>
     <span class='ocr_line' id='line_1_41' title="bbox 230 4565 3223 4648; baseline -0 -19"><span class='ocrx_word' id='word_1_462' title='bbox 230 4570 514 4631; x_wconf 81' lang='lat' dir='ltr'>miendum</span> <span class='ocrx_word' id='word_1_463' title='bbox 543 4593 571 4636; x_wconf 63' lang='grc' dir='ltr'><strong><em>ς</em></strong></span> <span class='ocrx_word' id='word_1_464' title='bbox 622 4565 714 4629; x_wconf 76' lang='lat' dir='ltr'>sed</span> <span class='ocrx_word' id='word_1_465' title='bbox 754 4570 905 4630; x_wconf 79' lang='lat' dir='ltr'>sedes</span> <span class='ocrx_word' id='word_1_466' title='bbox 940 4591 1027 4630; x_wconf 88' lang='lat' dir='ltr'>aut</span> <span class='ocrx_word' id='word_1_467' title='bbox 1064 4572 1341 4632; x_wconf 83' lang='lat' dir='ltr'>cathedrae</span> <span class='ocrx_word' id='word_1_468' title='bbox 1378 4573 1443 4632; x_wconf 85' lang='lat' dir='ltr'>ad</span> <span class='ocrx_word' id='word_1_469' title='bbox 1466 4571 1677 4636; x_wconf 73' lang='lat' dir='ltr'>,seden-</span> <span class='ocrx_word' id='word_1_470' title='bbox 1784 4573 2091 4648; x_wconf 81' lang='lat' dir='ltr'>sputantes,</span> <span class='ocrx_word' id='word_1_471' title='bbox 2131 4593 2214 4631; x_wconf 80' lang='lat' dir='ltr'>res</span> <span class='ocrx_word' id='word_1_472' title='bbox 2249 4593 2436 4630; x_wconf 81' lang='lat' dir='ltr'>omnes</span> <span class='ocrx_word' id='word_1_473' title='bbox 2473 4591 2640 4632; x_wconf 86' lang='lat' dir='ltr'>unum</span> <span class='ocrx_word' id='word_1_474' title='bbox 2663 4569 2918 4645; x_wconf 72' lang='lat' dir='ltr'>quiddam</span> <span class='ocrx_word' id='word_1_475' title='bbox 2950 4569 3052 4628; x_wconf 75' lang='lat' dir='ltr'>esse</span> <span class='ocrx_word' id='word_1_476' title='bbox 3086 4589 3223 4628; x_wconf 80' lang='lat' dir='ltr'>con-</span> 
     </span>
     <span class='ocr_line' id='line_1_42' title="bbox 232 4641 3222 4722; baseline -0.001 -22"><span class='ocrx_word' id='word_1_477' title='bbox 232 4643 365 4701; x_wconf 87' lang='lat' dir='ltr'>dum</span> <span class='ocrx_word' id='word_1_478' title='bbox 397 4685 415 4711; x_wconf 88' lang='lat'>‚</span> <span class='ocrx_word' id='word_1_479' title='bbox 482 4642 571 4702; x_wconf 85' lang='lat' dir='ltr'>vel</span> <span class='ocrx_word' id='word_1_480' title='bbox 624 4641 1041 4701; x_wconf 78' lang='lat' dir='ltr'>recumbendum</span> <span class='ocrx_word' id='word_1_481' title='bbox 1093 4645 1198 4703; x_wconf 90' lang='lat' dir='ltr'>otii</span> <span class='ocrx_word' id='word_1_482' title='bbox 1251 4643 1399 4704; x_wconf 77' lang='lat' dir='ltr'>causa</span> <span class='ocrx_word' id='word_1_483' title='bbox 1434 4664 1677 4718; x_wconf 86' lang='lat' dir='ltr'>appone-</span> <span class='ocrx_word' id='word_1_484' title='bbox 1784 4645 2020 4706; x_wconf 80' lang='lat' dir='ltr'>tendunt</span> <span class='ocrx_word' id='word_1_485' title='bbox 2068 4686 2087 4712; x_wconf 88' lang='lat'>,</span> <span class='ocrx_word' id='word_1_486' title='bbox 2129 4665 2190 4704; x_wconf 83' lang='lat' dir='ltr'>ut</span> <span class='ocrx_word' id='word_1_487' title='bbox 2241 4644 2306 4702; x_wconf 87' lang='lat' dir='ltr'>irr</span> <span class='ocrx_word' id='word_1_488' title='bbox 2344 4643 2662 4704; x_wconf 74' lang='lat' dir='ltr'>parmenide</span> <span class='ocrx_word' id='word_1_489' title='bbox 2701 4683 2722 4700; x_wconf 75' lang='grc'><em>.</em></span> <span class='ocrx_word' id='word_1_490' title='bbox 2767 4643 3033 4722; x_wconf 68' lang='lat' dir='ltr'>Privatim</span> <span class='ocrx_word' id='word_1_491' title='bbox 3087 4659 3222 4718; x_wconf 78' lang='lat' dir='ltr'>vero</span> 
     </span>
     <span class='ocr_line' id='line_1_43' title="bbox 232 4711 3221 4792; baseline -0.002 -21"><span class='ocrx_word' id='word_1_492' title='bbox 232 4733 430 4774; x_wconf 76' lang='lat' dir='ltr'>rentur</span> <span class='ocrx_word' id='word_1_493' title='bbox 452 4755 471 4771; x_wconf 87' lang='lat'><strong>.</strong></span> <span class='ocrx_word' id='word_1_494' title='bbox 508 4715 598 4772; x_wconf 90' lang='lat' dir='ltr'>De</span> <span class='ocrx_word' id='word_1_495' title='bbox 636 4713 888 4772; x_wconf 62' lang='lat' dir='ltr'>exhedris</span> <span class='ocrx_word' id='word_1_496' title='bbox 926 4713 997 4772; x_wconf 78' lang='lat' dir='ltr'>sic</span> <span class='ocrx_word' id='word_1_497' title='bbox 1038 4717 1325 4776; x_wconf 82' lang='lat' dir='ltr'>Vitruvius</span> <span class='ocrx_word' id='word_1_498' title='bbox 1361 4715 1465 4774; x_wconf 51' lang='lat' dir='ltr'>libe</span> <span class='ocrx_word' id='word_1_499' title='bbox 1494 4739 1543 4790; x_wconf 76' lang='grc' dir='ltr'>ς.</span> <span class='ocrx_word' id='word_1_500' title='bbox 1567 4735 1684 4790; x_wconf 82' lang='lat' dir='ltr'>cap.</span> <span class='ocrx_word' id='word_1_501' title='bbox 1783 4716 1929 4792; x_wconf 85' lang='lat' dir='ltr'>quod</span> <span class='ocrx_word' id='word_1_502' title='bbox 1966 4716 2032 4776; x_wconf 83' lang='lat' dir='ltr'>ad</span> <span class='ocrx_word' id='word_1_503' title='bbox 2072 4715 2319 4775; x_wconf 81' lang='lat' dir='ltr'>scientias</span> <span class='ocrx_word' id='word_1_504' title='bbox 2353 4717 2608 4790; x_wconf 80' lang='lat' dir='ltr'>pertinet</span> <span class='ocrx_word' id='word_1_505' title='bbox 2639 4757 2654 4780; x_wconf 79' lang='lat'>,</span> <span class='ocrx_word' id='word_1_506' title='bbox 2678 4719 2876 4775; x_wconf 83' lang='lat' dir='ltr'>affines</span> <span class='ocrx_word' id='word_1_507' title='bbox 2899 4711 3030 4792; x_wconf 31' lang='lat' dir='ltr'>‘illas‘</span> <span class='ocrx_word' id='word_1_508' title='bbox 3064 4711 3165 4766; x_wconf 80' lang='lat' dir='ltr'>elie</span> <span class='ocrx_word' id='word_1_509' title='bbox 3201 4747 3221 4774; x_wconf 82' lang='lat'>,</span> 
     </span>
     <span class='ocr_line' id='line_1_44' title="bbox 242 4783 3224 4862; baseline -0.003 -18"><span class='ocrx_word' id='word_1_510' title='bbox 242 4808 328 4844; x_wconf 75' lang='lat' dir='ltr'>n.</span> <span class='ocrx_word' id='word_1_511' title='bbox 372 4786 793 4859; x_wconf 69' lang='lat' dir='ltr'>Constituantur</span> <span class='ocrx_word' id='word_1_512' title='bbox 848 4791 911 4841; x_wconf 74' lang='lat' dir='ltr'>in</span> <span class='ocrx_word' id='word_1_513' title='bbox 960 4785 1145 4844; x_wconf 79' lang='lat' dir='ltr'>tribus</span> <span class='ocrx_word' id='word_1_514' title='bbox 1174 4787 1467 4862; x_wconf 73' lang='lat' dir='ltr'>porticibus</span> <span class='ocrx_word' id='word_1_515' title='bbox 1504 4785 1684 4846; x_wconf 80' lang='lat' dir='ltr'>exhe-</span> <span class='ocrx_word' id='word_1_516' title='bbox 1782 4795 1841 4848; x_wconf 78' lang='grc' dir='ltr'>δε</span> <span class='ocrx_word' id='word_1_517' title='bbox 1878 4787 2111 4848; x_wconf 83' lang='lat' dir='ltr'>naturali</span> <span class='ocrx_word' id='word_1_518' title='bbox 2153 4786 2378 4847; x_wconf 76' lang='lat' dir='ltr'>vinculo</span> <span class='ocrx_word' id='word_1_519' title='bbox 2413 4785 2767 4850; x_wconf 59' lang='lat' dir='ltr'>consti-istan</span> <span class='ocrx_word' id='word_1_520' title='bbox 2800 4783 3224 4862; x_wconf 75' lang='lat' dir='ltr'>sapientiamque</span> 
     </span>
     <span class='ocr_line' id='line_1_45' title="bbox 229 4853 3224 4936; baseline -0.002 -21"><span class='ocrx_word' id='word_1_521' title='bbox 229 4857 347 4916; x_wconf 77' lang='lat' dir='ltr'>drae</span> <span class='ocrx_word' id='word_1_522' title='bbox 377 4857 623 4932; x_wconf 71' lang='lat' dir='ltr'>spatiosa</span> <span class='ocrx_word' id='word_1_523' title='bbox 646 4897 666 4924; x_wconf 84' lang='lat'>,</span> <span class='ocrx_word' id='word_1_524' title='bbox 700 4855 964 4914; x_wconf 73' lang='lat' dir='ltr'>habentes</span> <span class='ocrx_word' id='word_1_525' title='bbox 988 4855 1141 4927; x_wconf 76' lang='lat' dir='ltr'>sedes</span> <span class='ocrx_word' id='word_1_526' title='bbox 1175 4900 1194 4925; x_wconf 91' lang='lat'>,</span> <span class='ocrx_word' id='word_1_527' title='bbox 1230 4864 1293 4916; x_wconf 74' lang='lat' dir='ltr'>in</span> <span class='ocrx_word' id='word_1_528' title='bbox 1329 4861 1530 4936; x_wconf 80' lang='lat' dir='ltr'>quibus·</span> <span class='ocrx_word' id='word_1_529' title='bbox 1556 4859 1685 4933; x_wconf 74' lang='lat' dir='ltr'>phi·</span> <span class='ocrx_word' id='word_1_530' title='bbox 1784 4879 1875 4929; x_wconf 75' lang='lat' dir='ltr'>ex,</span> <span class='ocrx_word' id='word_1_531' title='bbox 1908 4859 2159 4920; x_wconf 82' lang='lat' dir='ltr'>omnibus</span> <span class='ocrx_word' id='word_1_532' title='bbox 2210 4853 2496 4918; x_wconf 69' lang='lat' dir='ltr'>conflatam</span> <span class='ocrx_word' id='word_1_533' title='bbox 2548 4875 2794 4928; x_wconf 85' lang='lat' dir='ltr'>tanquam</span> <span class='ocrx_word' id='word_1_534' title='bbox 2831 4854 3072 4926; x_wconf 80' lang='lat' dir='ltr'>partibus</span> <span class='ocrx_word' id='word_1_535' title='bbox 3101 4889 3121 4918; x_wconf 81' lang='lat'>,</span> <span class='ocrx_word' id='word_1_536' title='bbox 3161 4867 3224 4910; x_wconf 78' lang='lat' dir='ltr'>in</span> 
     </span>
     <span class='ocr_line' id='line_1_46' title="bbox 232 4925 2940 5006; baseline -0.002 -18"><span class='ocrx_word' id='word_1_537' title='bbox 232 4929 443 5006; x_wconf 70' lang='lat' dir='ltr'>losbplu&#39;</span> <span class='ocrx_word' id='word_1_538' title='bbox 459 4971 479 4998; x_wconf 88' lang='lat'>,</span> <span class='ocrx_word' id='word_1_539' title='bbox 518 4930 788 4995; x_wconf 69' lang='lat' dir='ltr'>rhetores,</span> <span class='ocrx_word' id='word_1_540' title='bbox 823 4925 1134 5004; x_wconf 67' lang='lat' dir='ltr'>reliquique</span> <span class='ocrx_word' id='word_1_541' title='bbox 1162 4971 1179 4995; x_wconf 86' lang='lat'>,</span> <span class='ocrx_word' id='word_1_542' title='bbox 1218 4936 1318 5006; x_wconf 77' lang='lat' dir='ltr'>qui</span> <span class='ocrx_word' id='word_1_543' title='bbox 1346 4931 1549 5002; x_wconf 77' lang='lat' dir='ltr'>studiis</span> <span class='ocrx_word' id='word_1_544' title='bbox 1588 4933 1685 4990; x_wconf 82' lang='lat' dir='ltr'>de·</span> <span class='ocrx_word' id='word_1_545' title='bbox 1788 4931 2123 5006; x_wconf 79' lang='lat' dir='ltr'>Epinomide</span> <span class='ocrx_word' id='word_1_546' title='bbox 2160 4927 2320 4990; x_wconf 74' lang='lat' dir='ltr'>fitfius</span> <span class='ocrx_word' id='word_1_547' title='bbox 2353 4929 2590 4989; x_wconf 76' lang='lat' dir='ltr'>distetit.</span> <span class='ocrx_word' id='word_1_548' title='bbox 2629 4929 2940 4986; x_wconf 64' lang='lat' dir='ltr'>Patavinis.</span> 
     </span>
     <span class='ocr_line' id='line_1_47' title="bbox 242 4996 1247 5074; baseline 0 -14"><span class='ocrx_word' id='word_1_549' title='bbox 242 5005 561 5068; x_wconf 63' lang='lat' dir='ltr'>lemnius,</span> <span class='ocrx_word' id='word_1_550' title='bbox 599 4999 783 5074; x_wconf 76' lang='lat' dir='ltr'>ledere</span> <span class='ocrx_word' id='word_1_551' title='bbox 810 4996 1030 5072; x_wconf 70' lang='lat' dir='ltr'>poffint‚</span> <span class='ocrx_word' id='word_1_552' title='bbox 1062 5001 1247 5061; x_wconf 75' lang='lat' dir='ltr'>Idem.</span> 
     </span>
    </p>
   </div>
  </div>
 </body>
</html>
