4359 6321
1994 408 2039 423 μ’

1086 572 2240 674 ORATOR.
2900 616 3093 717 391

220 716 340 769 nec
387 714 472 765 ex
513 702 817 781 tempore
865 688 1066 779 fiaa,
1117 694 1226 762 fied
1275 694 1475 764 domo
1527 695 1779 765 allata:
1827 716 1976 787 quae
1997 700 2387 795 plerumque
2446 702 2599 775 sunt
2634 704 2921 799 frigida.
2994 715 3227 785 Parcet

224 803 300 871 ἀ
346 794 698 880 amicitiis,
751 794 823 863 δι
881 792 1309 883 dignitatibus
1347 820 1366 861 e
1445 795 1678 866 vitabit
1727 796 2121 870 insanabiles
2155 808 2619 876 contumelias
2656 834 2681 874 ι
2736 813 3216 885 tantummodo

220 893 622 969 adversarios
671 890 875 984 figet,
927 914 1050 963 nec
1103 916 1222 963 eos
1271 913 1496 967 tamen
1535 897 1834 989 semper,
1881 920 2008 970 nec
2055 924 2332 994 omnes,
2364 930 2507 979 ,nec
2555 911 3003 989 omnimodo.
3056 918 3221 1002 Qi-

228 1000 342 1075 bus
391 997 686 1087 exceptis
732 995 824 1063 fic
873 1010 1100 1064 uoetur
1151 995 1288 1063 sale
1341 998 1416 1069 δι
1473 999 1766 1086 facetiis,
1813 1014 1894 1073 ux
1941 1022 2071 1093 ego
2117 1024 2202 1071 ex
2256 1006 2389 1078 istis
2438 1012 2629 1080 novis
2682 1013 2929 1085 Atticis
3010 1018 3239 1087 talem·

219 1100 656 1191 cognoverim
708 1096 1090 1183 neminem,
1137 1117 1300 1166 cum
1349 1097 1771 1169 iff‘certe-fit
1825 1102 1926 1169 vel
1980 1106 2279 1174 maxime
2328 1111 2634 1183 Atticum
2662 1158 2681 1179 .

319 1204 515 1268 Hanc
565 1218 697 1289 ego
749 1196 978 1277 iudico
1028 1198 1320 1268 formam
1375 1197 1686 1269 summifli
1739 1209 2060 1293 oratoris,
2117 1204 2229 1275 sed
2282 1212 2511 1298 magni
2562 1228 2789 1281 tamen
2829 1266 2850 1300 ,
2894 1218 3005 1286 -δε
3064 1238 3242 1309 ger--

223 1302 400 1377 mani
437 1300 700 1368 Attici:
749 1300 1074 1390 quoniam
1116 1354 1137 1387 ‚
1203 1300 1518 1392 quidquid
1585 1300 1681 1369 est
1731 1301 1978 1371 falsum
2017 1358 2038 1392 ‚
2113 1323 2230 1375 aut
2282 1307 2541 1379 salubre
2594 1311 2666 1378 in
2716 1314 3011 1383 oratione
3050 1372 3073 1405 ,
3142 1318 3213 1389 id

221 1401 559 1497 proprium
610 1402 994 1469 Atticorum
1046 1403 1171 1470 est.
1227 1406 1280 1468 E
1329 1401 1570 1494 quibus
1626 1420 1852 1471 tamen
1905 1426 2042 1473 non
2096 1428 2328 1476 omnes
2380 1410 2579 1479 faceti
2619 1458 2637 1478 .
2692 1410 2930 1497 Lyfias
2984 1414 3137 1485 satis
3187 1472 3211 1507 ‚

223 1512 294 1580 ἃ,
347 1500 776 1592 Hyperides:
851 1503 1182 1572 Demades
1249 1521 1474 1591 praeter
1540 1524 1811 1574 caeteros
1879 1506 2091 1577 fertur
2135 1535 2152 1573 z
2211 1511 2684 1581 Demosthenes
2736 1513 2961 1581 minus
3010 1516 3207 1585 habe-

221 1628 372 1680 tur.-
427 1626 560 1697 quo
603 1601 880 1693 quidem
930 1602 1093 1673 mihi
1163 1605 1328 1673 nihil
1400 1604 1659 1676 videtur
1727 1604 2044 1676 urbanius
2082 1660 2106 1694 ,
2185 1608 2291 1677 sed
2359 1631 2492 1677 non
2546 1628 2686 1677 tam
2738 1611 2933 1682 dicax
3008 1616 3137 1686 fuit
3181 1671 3206 1708 ,

215 1731 424 1809 quam
479 1706 770 1780 facetus,
821 1703 936 1775 Est
983 1720 1208 1775 autem
1257 1705 1431 1777 illud
1486 1708 1788 1775 acerioris
1841 1709 2134 1799 ingenii,
2186 1708 2310 1779 hoc
2364 1710 2635 1789 majoris
2686 1715 2886 1782 artis·

323 1808 604 1877 Uberius
650 1805 748 1876 est
795 1806 973 1876 aliud
1008 1860 1030 1893 ‚
1103 1806 1570 1901 aliquantoque
1617 1807 1942 1878 robustius
1983 1864 2005 1898 ‚
2071 1830 2279 1902 quam
2346 1812 2481 1879 hoc
2552 1810 2813 1878 humile
2851 1863 2874 1899 ,
2938 1814 3022 1881 de
3070 1838 3209 1908 quo

211 1912 468 1982 diftum
515 1908 649 1977 est.-
707 1906 1098 1978 summiffius
1153 1929 1427 1995 autem,
1473 1928 1682 1999 quam
1735 1910 1906 1979 illud
1945 1962 1967 1998 ,
2033 1910 2115 1980 de
2161 1934 2297 2003 quo
2346 1914 2485 1993 iam
2554 1911 2809 1981 dicetur
2851 1965 2875 2001 ‚
2944 1918 3215 2007 amplis-
3411 1958 3434 1994 2

219 2016 498 2084 fimum.
554 2012 708 2077 Hoc
761 2010 830 2076 in
882 2032 1170 2101 gauere,
1219 2031 1580 2081 nervorum
1633 2014 1737 2082 vel
1791 2012 2195 2101 minimum,
2245 2012 2587 2083 suavitatis
2640 2028 2862 2083 autem
2931 2014 3024 2082 est
3100 2019 3207 2089 vel

219 2118 628 2207 plurimum.
687 2110 798 2177 Est
843 2114 1027 2182 enim
1081 2114 1338 2200 plenius
1379 2163 1400 2199 ‚
1471 2130 1676 2201 quam
1749 2113 1878 2183 hoc
1929 2115 2363 2185 enucleatum
2406 2140 2422 2182 =
2492 2134 2697 2206 quam
2766 2128 2992 2183 autem
3044 2117 3210 2189 illud

215 2232 532 2287 ornatum
553 2266 575 2297 ,
623 2211 1090 2303 copiofumque
1111 2266 1134 2299 ‚
1184 2213 1580 2283 summiffius
1601 2260 1618 2279 .

319 2314 614 2385 xxvn.
669 2312 850 2383 Huic
903 2319 1134 2384 omnia
1183 2314 1446 2386 dicendi
1496 2332 1891 2383 ornamenta
1940 2318 2355 2387 conveniunt
2392 2369 2414 2404 ,
2484 2314 2983 2406 plurimumque
3046 2314 3141 2383 est
3188 2371 3213 2405 ,

207 2419 287 2488 in
337 2417 462 2487 hac
513 2414 826 2483 orationis
877 2416 1094 2485 forma
1132 2468 1154 2502 ‚
1207 2417 1597 2485 immtatis.
1651 2416 1734 2483 ln
1784 2439 1916 2506 qua
1968 2420 2163 2488 multi
2217 2418 2589 2488 floruerunt
2644 2417 2813 2506 apud
2866 2420 3133 2485 Graecos
3184 2442 3202 2484 ι

207 2518 328 2589 sed
383 2515 742 2585 Phalereus
793 2518 1192 2615 Demetrius⁸
1241 2538 1394 2587 meo
1461 2516 1706 2595 iudicio
1771 2518 2052 2605 praestitit
2124 2521 2435 2607 caeteris5
2506 2520 2701 2598 eujus
2766 2518 2979 2585 oratio
3012 2566 3019 2573 -
3047 2540 3209 2587 cum

209 2618 477 2706 sedate,
526 2616 902 2710 placideque
955 2620 1290 2711 loquitur,
1340 2636 1492 2687 tum
1545 2616 1871 2688 illustrant
1923 2641 2115 2706 eam,
2165 2620 2349 2711 quast
2404 2618 2597 2688 stellae
2649 2617 2952 2709 quaedam
2993 2670 3016 2705 ,
3064 2633 3200 2687 tra-

209 2724 350 2792 lata
405 2716 640 2808 verba,
689 2732 890 2813 atque
943 2716 1333 2794 immutata.
1388 2720 1665 2789 Tralata
1713 2740 1792 2789 ea
1841 2720 2028 2807 dice,
2077 2738 2154 2789 ut
2211 2720 2369 2811 saepe
2424 2720 2561 2799 jam
2602 2771 2625 2804 ‚
2674 2741 2817 2809 quae
2868 2740 2981 2807 per
3033 2718 3208 2786 fimi·

207 2820 566 2892 litudinem
615 2818 698 2889 ab
747 2822 874 2891 alia
927 2832 1035 2908 re,
1087 2840 1201 2889 aut
1255 2821 1594 2890 suavitatis
1649 2838 1766 2887 aut
1813 2822 2044 2912 inopia:
2097 2824 2295 2890 causa
2334 2874 2355 2909 ,
2424 2820 2921 2888 transferuntur
2962 2865 2979 2884 .
3050 2820 3207 2888 Mu·

207 2938 351 2991 tata
385 2974 407 3008 ‚
456 2922 525 2989 in
577 2918 821 3011 quibus
875 2943 996 3011 pro
1045 2921 1242 2991 verbo
1292 2924 1558 3011 proprio
1628 2920 1964 2999 subjicitur
2037 2922 2217 2991 aliud
2254 2976 2275 3009 ,
2342 2921 2519 3012 quod
2590 2919 2767 2989 idem
2839 2918 3207 3009 significet,

207 3025 556 3113 sumptum
605 3042 688 3091 ex
739 3042 816 3089 re
865 3023 1085 3113 aliqua
1134 3022 1612 3113 consequenti.
1687 3024 1890 3107 Quod
1943 3042 2335 3115 quanquam
2402 3021 2851 3100 transferendo
2902 3020 2980 3088 fit
3022 3072 3042 3106 ‚
3106 3040 3207 3089 ta·

205 3148 370 3200 men
422 3123 554 3192 alio
603 3122 1193 3194 modo'transtulit
1241 3126 1488 3213 (48),
1540 3144 1696 3194 cum
1751 3124 1917 3193 dixit
1975 3126 2232 3196 Ennius
2284 3144 2506 3194 arcem
2556 3122 2641 3198 ἅθ’·
2691 3122 2921 3190 urbem
2975 3121 3205 3191 orbast

201 3230 348 3297 alio
397 3224 636 3312 mode,
683 3225 902 3312 fi'-pro
951 3227 1161 3312 patria
1213 3243 1434 3294 arcem
1483 3225 1736 3291 dixiffet
1775 3249 1801 3288 .-
1877 3230 1948 3298 &
2007 3225 2341 3294 horridam
2392 3227 2695 3313 Africam
2745 3220 3029 3295 terribili
3078 3243 3207 3292 tre-

197 3345 382 3397 mere
435 3325 716 3390 tumultu
767 3343 932 3391 cum
979 3324 1139 3390 dicit
1176 3375 1199 3408 ,
1271 3343 1394 3410 pro
1462 3323 1654 3388 Afris
1723 3324 2036 3390 immutat
2087 3325 2395 3392 Africam
2432 3370 2449 3388 .
2526 3327 2723 3390 Hanc
2788 3323 3205 3413 hypallagen

200 3429 544 3509 rhetoreS,
592 3423 748 3514 quia
797 3423 980 3511 quast
1037 3420 1532 3490 summutantur
1589 3417 1784 3486 verba
1838 3442 1956 3510 pro
2010 3425 2261 3490 verbis:
2314 3423 2807 3504 metonymiam
2861 3439 3201 3509 gramma-

201 3529 322 3600 tici
375 3543 655 3611 vocant,
703 3523 878 3615 quod
930 3525 1198 3592 nomina
1251 3519 1788 3590 transferuntur.

316 3625 700 3696 Aristoteles
771 3641 998 3694 autem
1063 3623 1477 3693 translationi
1529 3621 1669 3690 haec
1721 3620 1856 3712 ipsa
1909 3619 2244 3715 subiungit
2282 3673 2306 3707 ,
2358 3623 2429 3693 &
2484 3615 2871 3689 abusionem
2910 3673 2930 3708 ,
2996 3640 3204 3712 quam

195 3726 551 3810 κατέκεισο
600 3735 834 3795 'vocant
869 3750 892 3790 .-
949 3743 1025 3795 ut
1075 3747 1234 3793 cum
1283 3721 1909 3794 minutumdicimus
1961 3725 2267 3794 animum
2290 3743 2405 3813 pro
2423 3740 2679 3812 parvo,
2730 3723 2801 3792 dt
2858 3723 3195 3791 abutimur

199 3836 436 3905 verbis
487 3829 915 3918 propinquis,
965 3828 1012 3894 fi
1063 3848 1232 3915 opus
1277 3823 1411 3912 est,
1467 3824 1573 3892 vel
1613 3827 1786 3914 quod
1821 3823 2153 3912 delectat,
2206 3825 2310 3893 vel
2358 3821 2537 3914 quod
2576 3823 2799 3891 decet.
2848 3827 2999 3904 Jam
3038 3847 3203 3895 cum

192 3934 558 4008 fluxerunt
615 3931 834 4017 plures
899 3931 1227 3998 continuae
1277 3927 1686 3994 traslationes
1734 3977 1756 4012 ,
1825 3928 1954 3994 alia
2004 3927 2200 4015 plane
2248 3926 2327 3994 fit
2378 3923 2623 3992 oratio.
2698 3929 2929 4014 Itaque
2980 3945 3199 4014 genus

192 4039 338 4109 hoc
391 4033 602 4106 Graeci
659 4029 992 4120 appellant
1057 4023 1406 4110 ἐλληοάαν
1445 4081 1464 4115 ,
1513 4029 1784 4095 nomine
1838 4027 2012 4096 reste
2052 4078 2075 4114 ,
2122 4046 2367 4119 genere
2420 4025 2661 4094 melius
2710 4025 2869 4114 ille,
2918 4027 3033 4116 qui
3084 4026 3205 4096 ista

197 4138 434 4208 omnia
487 4131 954 4202 translationes
1009 4149 1244 4199 vocat.
1297 4129 1457 4198 Haec
1511 4128 1884 4219 frequentat
1939 4128 2293 4198 Phalereus
2330 4126 2666 4214 maxime,
2723 4125 3010 4218 suntque
3046 4129 3198 4197 dul-

201 4241 502 4308 ciffimaz
559 4238 632 4305 δε
687 4253 1076 4324 quanquam
1125 4231 1424 4302 traslatio
1469 4227 1562 4299 est
1612 4230 1788 4319 apud
1833 4249 1996 4299 eum
2061 4230 2289 4300 multa
2330 4279 2353 4317 ,
2421 4244 2651 4299 tamen
2702 4229 3205 4298 immutationes

199 4340 542 4432 nusquam
594 4333 956 4406 crebriores
982 4382 1002 4403 .
1047 4407 1054 4414 ,

3021 4433 3105 4500 In

284 4829 451 4906 (48)
492 4827 626 4890 Alio
663 4828 820 4903 mot-'q
853 4825 1194 4896 transtulit)
1238 4821 1366 4884 Alia
1388 4821 1465 4881 est
1489 4842 1666 4883 trans-
1727 4837 1734 4846 ·
1766 4819 1958 4881 dinem
1992 4839 2094 4949 resf
2109 4837 2216 4902 una
2253 4817 2599 4901 substituitur
2656 4789 2813 4878 alteri
2850 4839 2867 4877 ε
2916 4793 2999 4946 1itt
3053 4814 3206 4896 enim

191 4893 422 5045 ξὶῐέἒῐὶο,
437 5007 454 5032 ,
491 4915 615 5024 ῗὶέι
643 5008 660 5032 ,
685 4895 1400 5046 Ἕωίςξιηοετῖῗιὲἷτηῖιηὶτο
1408 4897 1669 5044 ‘'garga-
1765 4890 2990 5050 :ituattudeitffffsteaat‘nssgeR‘ritlgu‘liiebtelgb’eni‘
3008 4905 3205 5019 gei-liu.

193 5043 432 5098 Primus
481 5039 856 5122 translat-tonis
909 5039 1097 5116 modu.
1157 5039 1391 5099 refertur
1444 5043 1510 5099 ad
1561 5039 1662 5112 (y-
1761 5035 2909 5122 namus-fortasseplusculumcomefiuroe,
2947 5027 3044 5111 sed.
3074 5027 3207 5102 quid

197 5107 542 5170 necdochen
573 5150 592 5176 .
641 5129 742 5182 qua
797 5129 966 5182 genus
1005 5129 1234 5184 ponitur
1269 5131 1373 5184 pro
1424 5111 1604 5194 spec-ie
1642 5153 1658 5170 .
1759 5109 1907 5172 aliud
1969 5131 2028 5170 m
2067 5109 2402 5172 evolvendis
2440 5121 2694 5171 veterum
2758 5103 3072 5176 fragmentis
3106 5107 3207 5161 ex-

205 5183 394 5250 Altex
424 5179 493 5244 ad
527 5180 911 5259 metaphoram
941 5225 960 5254 ,
991 5199 1090 5259 qua
1128 5203 1366 5260 propter
1402 5183 1657 5247 sitmlttu-
1757 5183 1984 5261 peQesr
2021 5181 2205 5243 Idem.
