4359 6321
1255 501 1432 615 145
1991 444 3310 575 DEORATORE

1122 616 1300 712 quod
1351 614 1424 683 fit
1475 610 1665 701 plena
1716 604 2207 689 delec'htioni35
2263 600 2333 666 in
2382 616 2513 688 qua
2566 584 2693 661 tibi
2746 598 3083 666 remittunt
3134 620 3363 665 omnes
3418 596 3607 667 istam
3656 603 4101 692 voluptatem,

1125 726 1194 791 &
1251 736 1328 784 ea
1381 712 1444 782 st·
1493 732 1717 783 carere
1769 710 2106 798 patiuntur
2148 755 2167 790 ‚
2234 722 2354 769 nec
2404 694 2757 788 quisquam
2804 696 3177 787 estxeorum
3220 752 3240 784 ,
3313 703 3429 789 qui
3470 753 3490 785 ‚
3566 698 3613 765 fi
3668 702 3803 777 iam
3858 705 3935 773 fit
3983 708 4111 777 edi.

1125 818 1442 887 scendum
1495 816 1608 883 fibi
1665 812 1956 904 aliquid,
2008 830 2138 874 non
2196 806 2542 870 Teucrum
2594 799 2863 865 Pacuvii
2918 801 3109 867 malit
3143 854 3166 886 ,
3218 824 3423 890 quam
3478 800 3883 871 Manilianas
3924 826 4103 875 vena-

1123 922 1294 989 lium
1349 916 1840 986 vendendorum
1891 916 2074 1000 leges
2123 896 2456 975 edisc'ere.
2516 904 2701 968 Tum
2760 918 2978 969 autern
3014 954 3033 985 ‚
3114 903 3288 990 quod
3342 924 3569 969 amore
3620 903 3843 990 patriae
3898 912 4099 977 censes

1119 1044 1243 1091 nos
1296 1019 1664 1089 nostrorum
1713 1018 2043 1095 majorum
2097 1012 2365 1077 inventa
2418 1005 2590 1070 noss'e
2641 1002 2867 1070 debere
2923 1023 3057 1069 non
3114 1002 3300 1069 vides
3342 1058 3362 1089 ‚
3438 1022 3692 1071 veteres
3771 1004 3951 1095 leges
3998 1030 4099 1081 aut

1120 1124 1288 1213 ipsas
1347 1122 1457 1188 sua
1513 1120 1824 1187 vetustate
1877 1108 2318 1191 consenuisse,
2370 1118 2484 1173 aut
2538 1106 2729 1171 novis
2782 1102 3041 1190 legibus
3093 1103 3215 1171 effe
3269 1102 3557 1171 sublatas
3601 1108 3636 1168 ,2
3696 1111 3905 1193 Qod
3958 1133 4104 1185 vero

1116 1227 1288 1291 viros
1340 1222 1542 1287 bonos
1592 1220 1734 1298 jure
1778 1216 1963 1285 >civili
2037 1212 2176 1280 fieri
2232 1226 2415 1296 putas
2455 1258 2476 1291 ,
2545 1206 2697 1295 quia
2769 1202 3032 1291 legibus
3104 1207 3176 1276 δε
3256 1208 3519 1295 praemia
3587 1209 3913 1295 proposita
3986 1212 4100 1287 fiat

1116 1321 1464 1391 virtutibus
1539 1322 1613 1391 δε
1691 1317 2002 1407 supplicia
2052 1312 2226 1381 viti-is
2282 1335 2305 1394 ,-
2376 1305 2679 1396 equidem
2734 1302 3047 1395 putabam
3088 1360 3110 1395 ,
3184 1312 3501 1376 virtuoem
3548 1309 3929 1381 hominibus
3978 1328 4003 1403 (
4058 1322 4100 1387 fi

1111 1422 1314 1492 modo
1354 1422 1532 1487 tradi
1585 1423 1838 1489 ratione
1887 1414 2066 1505 posi-it
2121 1424 2146 1501 )
2198 1406 2605 1477 instituendo
2655 1410 2727 1477 &
2788 1404 3264 1497 persuadendo,
3317 1431 3452 1477 non
3504 1410 3703 1477 minis
3748 1468 3767 1498 ‚
3840 1416 3911 1485 δε
3972 1422 4029 1485 vi
4076 1476 4095 1507 3

1113 1545 1188 1591 ac
1243 1540 1428 1592 metu
1483 1524 1711 1589 tradi.
1789 1520 1970 1585 Nam
2038 1514 2255 1605 ipsum
2323 1510 2597 1601 quidem
2652 1509 2875 1595 illud,
2942 1511 3144 1579 etiam
3217 1512 3348 1578 fine
3410 1512 3801 1602 cognitione
3876 1520 4030 1597 juris
4078 1576 4096 1611 ,

1110 1645 1314 1714 quam
1373 1623 1450 1689 fit
1497 1620 1752 1691 bellum
1807 1636 2039 1688 cavere
2090 1612 2391 1699 malum,
2444 1610 2605 1679 scire
2656 1612 3021 1701 possumus,

1213 1729 1316 1791 De
1367 1744 1477 1791 me
1529 1741 1752 1791 autem
1803 1720 1978 1811 ipso,
2027 1718 2138 1788 cui
2188 1717 2309 1787 uni
2360 1731 2433 1785 tu
2482 1712 2788 1781 concedis
2830 1766 2850 1799 ‚
2922 1730 2999 1781 ut
3051 1712 3185 1780 fine
3256 1714 3397 1782 ulla
3452 1716 3611 1794 juris
3686 1716 3955 1789 scientia
4006 1742 4097 1791 ta.

1111 1846 1265 1894 men
1321 1824 1536 1893 causis
1587 1822 1956 1893 satisfacere
2011 1817 2236 1907 poffim
2280 1868 2309 1903 ,
2364 1815 2480 1883 tibi
2530 1816 2700 1899 hoc,
2752 1817 2965 1881 Crasse
3002 1864 3024 1897 ,
3078 1816 3500 1909 respondeo,
3550 1838 3759 1906 neque
3808 1840 3919 1889 me
3970 1846 4092 1893 un..

1111 1946 1318 2017 quam
1367 1924 1470 2003 ius
1519 1926 1714 1995 civile
1763 1922 2038 1993 didicisse
2077 1972 2100 2007 ,
2171 1940 2386 2008 neque
2441 1936 2670 1984 tamen
2722 1918 2789 1982 in
2846 1918 2921 1983 iis
2978 1917 3187 1984 caulis
3228 1970 3248 2003 ‚
3319 1938 3485 2007 quas
3538 1918 3607 1985 in
3656 1919 3802 1995 iure
3851 1923 4089 2008 possem

1111 2025 1508 2112 defendere,
1563 2046 1862 2117 unquam
1912 2023 2103 2090 istam
2156 2020 2495 2087 scientiam
2548 2016 2922 2087 desiderasse
2959 2062 2979 2083 .
3050 2018 3258 2084 Aliud
3303 2018 3398 2087 est
3470 2021 3651 2089 enim
3728 2018 3848 2087 effe
3898 2026 4091 2095 artifi.

1109 2129 1309 2196 ficem
1358 2128 1710 2206 cujusdam
1765 2125 2024 2212 generis
2075 2135 2273 2211 atque
2332 2121 2531 2203 artis,
2579 2114 2761 2183 aliud
2816 2118 2886 2185 in
2939 2120 3279 2187 communi
3338 2120 3469 2187 vita
3522 2124 3594 2189 &
3644 2120 3928 2208 ,vulgari
3980 2126 4087 2193 ho-

1107 2229 1372 2297 minum
1425 2225 1904 2296 consuetudine
1953 2242 2076 2290 nec
2129 2219 2474 2305 hebetem,
2529 2240 2650 2286 nec
2704 2218 2975 2285 rudem.
3026 2221 3153 2286 Cui
3203 2219 3501 2288 nostrum
3544 2244 3681 2289 non
3734 2223 3890 2290 licet
3946 2226 4087 2295 fun-

1105 2327 1226 2398 dos
1286 2325 1532 2395 nostros
1581 2326 1800 2413 obire,
1855 2342 1965 2391 aut
2020 2340 2124 2389 res
2179 2321 2457 2392 rusticas
2508 2318 2615 2387 vel
2670 2319 2925 2387 fruetus
2983 2320 3223 2409 causa,
3282 2322 3385 2389 vel
3443 2320 3943 2412 delectationis,
3994 2330 4083 2395 in·

1108 2427 1363 2497 visere?
1419 2446 1644 2495 tamen
1703 2448 1901 2495 nemo
1953 2442 2089 2490 tam
2141 2422 2279 2489 fine
2333 2421 2544 2489 oculis
2587 2471 2606 2506 ‚
2677 2436 2817 2487 tam
2868 2421 3003 2490 fine
3056 2437 3273 2492 mente
3324 2425 3493 2492 vivit
3531 2475 3552 2512 ,
3624 2442 3697 2495 ut
3738 2479 3760 2512 ,
3808 2427 3966 2517 quid
4014 2430 4085 2497 fit

1104 2528 1409 2597 sementis
1467 2549 1544 2594 ac
1600 2528 1809 2594 meffis
1845 2576 1869 2611 ,
1923 2524 2090 2611 quid
2143 2520 2452 2590 arborum
2504 2522 2752 2609 putatio
2809 2540 2884 2589 ac
2940 2524 3175 2595 vitium
3210 2576 3233 2611 ,
3306 2548 3443 2615 quo
3494 2540 3793 2615 tempore
3862 2534 4018 2599 anni
4062 2586 4083 2617 ,

1107 2644 1222 2695 aut
1273 2647 1406 2716 quo
1458 2628 1658 2693 modo
1705 2645 1786 2693 ea
1839 2625 2044 2709 fiant,
2095 2624 2372 2692 omnino
2424 2622 2710 2691 nesciat.
2772 2629 2955 2691 Num
3008 2628 3213 2715 igitur
3250 2679 3273 2714 ,
3324 2628 3369 2694 fi
3429 2629 3537 2697 cui
3596 2628 3845 2701 fundus
3894 2631 4081 2719 inspi-

1101 2729 1414 2812 ciendus,
1467 2742 1584 2795 aut
1641 2726 1686 2792 fi
1739 2723 2198 2795 mandandum
2252 2724 2500 2813 aliquid
2577 2728 2975 2814 procuratori
3030 2729 3114 2793 de
3163 2730 3577 2815 agricultura
3624 2782 3643 2814 ,
3719 2744 3834 2797 aut
3884 2734 4083 2821 impe-

1097 2831 1388 2899 randum
1442 2828 1670 2897 villico
1725 2828 1800 2893 fit
1853 2838 1880 2913 (
1927 2848 2011 2893 21
2064 2840 2094 2915 )
2136 2877 2157 2912 ,
2226 2822 2535 2914 Magonis
2584 2827 3109 2915 carthaginensis
3170 2829 3314 2894 sunt
3370 2826 3520 2893 libri
3589 2830 4003 2917 perdiscendi
4056 2839 4080 2901 ?

1099 2950 1184 2997 an
1242 2932 1367 2997 hac
1411 2930 1762 2997 communi
1819 2928 2265 3016 intelligentia
2308 2929 2603 2995 contenti
2654 2928 2777 2995 esse
2828 2926 3229 3015 possumus?
3282 2932 3421 2991 Cur
3472 2948 3637 3014 ergo
3686 2948 3817 2993 non
3876 2933 4085 3001 iidem

1099 3035 1169 3098 in
1223 3032 1372 3109 iure
1421 3031 1643 3116 civili,
1695 3028 2048 3119 pracsertim
2099 3049 2259 3097 cum
2314 3032 2381 3095 in
2429 3030 2641 3096 causis
2680 3080 2699 3112 ,
2768 3029 2837 3097 &
2894 3029 2959 3095 in
3014 3027 3161 3094 foro
3210 3045 3635 3094 coarctamur
3678 3078 3702 3111 ,
3772 3024 3922 3094 satis
3968 3034 4083 3099 in-

1096 3132 1326 3200 struffi
1381 3132 1498 3200 esse
1549 3132 1846 3220 possimus
1897 3132 1981 3198 ad
2033 3130 2158 3200 hoc
2208 3128 2528 3198 duntaxat
2566 3182 2587 3217 ‚
2654 3148 2737 3196 ne
2812 3128 2881 3196 in
2951 3127 3164 3198 nostra
3220 3128 3427 3216 patria
3478 3124 3803 3219 peregrini
3876 3144 4079 3220 atque

1098 3236 1360 3314 advenae
1409 3234 1528 3304 effe
1586 3232 1972 3301 videamur?
3208 3247 3211 3252 ·

1197 3337 1300 3406 Ac
1355 3333 1402 3402 fi
1455 3335 1588 3415 jam
1643 3335 1718 3404 fit
1767 3335 1960 3402 causa
2016 3334 2239 3424 aliqua
2294 3334 2377 3401 ad
2430 3353 2547 3400 nos
2598 3327 2815 3402 delata
2868 3325 3203 3401 obscurior
3242 3383 3263 3416 ,
3310 3329 3570 3399 diffie-ile
3610 3385 3628 3417 ,
3676 3326 3877 3400 credo
3928 3386 3952 3420 ,
3999 3337 4077 3404 fic

1090 3455 1250 3504 cum
1305 3437 1428 3505 hoc
1481 3437 1766 3505 Scaevola
1823 3439 2383 3523 communicare3
2440 3453 2823 3525 quanquam
2876 3434 2991 3524 ipsi
3041 3435 3261 3501 orn-nia
3304 3485 3328 3518 ,
3394 3455 3685 3523 quorum
3732 3437 4073 3523 negotium

1089 3537 1220 3620 est,
1271 3537 1582 3606 consulta
1633 3537 1714 3604 ad
1767 3561 1925 3624 noS,
1979 3541 2048 3609 δε
2108 3537 2425 3626 exquisita
2479 3536 2783 3604 deferunt
2826 3581 2841 3602 .
2898 3540 3010 3607 An
3071 3555 3227 3604 vero
3281 3536 3327 3602 fi
3376 3537 3459 3601 de
3502 3555 3579 3602 re
3628 3532 3762 3624 ipsa
3800 3587 3821 3622 ,
3890 3536 3942 3603 fi
3995 3540 4073 3604 de

1089 3633 1332 3700 finibus
1370 3686 1391 3717 ,
1451 3657 1620 3701 cum
1673 3639 1742 3700 in
1793 3661 1938 3706 rem
2013 3641 2389 3726 praesentem
2444 3659 2585 3707 nou
2643 3639 2947 3706 venimus
2983 3690 3007 3725 ,
3074 3635 3129 3704 st
3198 3647 3397 3724 (22)
3470 3637 3553 3704 de
3622 3632 3863 3703 tabulis
3899 3691 3920 3724 ,
3996 3641 4063 3708 ὃ(

1092 3741 1288 3821 (²3)
1343 3730 1928 3820 praescriptionibus
1978 3739 2425 3806 controversia
2479 3737 2571 3805 est
2608 3789 2631 3824 ,
2680 3757 3018 3808 contortas
3076 3760 3216 3824 res,
3270 3741 3340 3809 δε
3403 3735 3559 3825 saepe
3610 3737 4073 3906 difficilessne-

3836 3861 3909 3908 ce
3940 3884 3967 3898 -

1105 4027 4048 4074 m

1137 4209 1176 4269 ’(
1199 4209 1308 4268 21)
1349 4209 1648 4284 Magonis)
1689 4211 1847 4277 Mago
1883 4206 2341 4279 carthaginensis
2381 4207 2517 4266 scri·
2620 4205 2893 4266 exclusio.
2933 4205 3205 4282 Exceptio
3242 4209 3319 4268 est
3358 4209 3591 4284 apposita
3626 4204 3865 4284 quaedstn
3900 4208 4057 4265 clau-

1073 4275 1184 4356 psit
1223 4281 1423 4333 Punite
1479 4277 1648 4334 libros
1683 4283 1808 4336 osto
1844 4285 1898 4336 δε
1959 4281 2158 4351 viginti
2220 4283 2287 4339 dc
2326 4302 2383 4338 re
2423 4303 2515 4338 ru-
2618 4279 2725 4336 sula
2762 4324 2779 4347 ,
2834 4302 2952 4354 (χιι-,ε
3012 4283 3099 4340 vel
3137 4281 3397 4352 prohibet
3428 4326 3444 4349 ‚
3476 4301 3553 4340 ne
3587 4297 3701 4352 quis
3737 4295 3851 4350 agat
3876 4319 3894 4346 ‚
3942 4278 4061 4339 hoe

1072 4349 1238 4404 stica.
1274 4365 1404 4422 quos
1440 4366 1508 4404 ex
1545 4349 2018 4410 senatusconsulto
2057 4353 2262 4412 Cassius
2285 4353 2513 4424 Diony-
2613 4353 2725 4418 est,
2766 4353 3263 4418 litem-intendas
3314 4355 3401 4413 vel
3453 4353 3832 4412 conditionem
3882 4369 4065 4426 appo-

1075 4416 1188 4502 sius
1206 4413 1501 4498 'Utsccnfis
1551 4424 1839 4482 convertit
1869 4463 1886 4484 .
1929 4435 2090 4482 Varro
2125 4428 2223 4482 leb.
2272 4447 2315 4482 r..
2354 4426 2418 4480 de
2454 4447 2511 4481 re
2614 4426 2742 4490 nit,
2793 4445 2890 4498 qua
2926 4423 3252 4485 conditione
3304 4427 3388 4486 vis
3440 4429 3497 4483 δε
3553 4421 3878 4496 significatio
3930 4425 4069 4496 legis

1073 4497 1278 4566 rtfi'ssrfv
1315 4504 1426 4566 15⁴³?-
1459 4509 1497 4545 t.
1537 4499 1590 4548 δ(
1633 4498 1944 4553 Columella
1969 4539 1984 4564 ,
2017 4497 2108 4568 qui
2148 4498 2383 4556 eundem
2420 4516 2510 4554 ru·
2612 4497 2880 4554 aftionem
2932 4497 3309 4570 permittentis
3338 4540 3357 4564 ,
3410 4497 3572 4554 certis
3628 4495 3899 4556 limitibus
3952 4519 4071 4554 cir-

1069 4561 1367 4616 sticatwms
1407 4581 1678 4629 parentem
1713 4569 1978 4640 appellat.
2021 4569 2203 4623 Idem.
2608 4567 2984 4625 transcribitur
3017 4608 3032 4625 .
3076 4568 3327 4636 Frusteus
3357 4607 3373 4625 .
3428 4569 3611 4640 Vulgo
3654 4565 4071 4642 prascriptioni-

1141 4637 1298 4708 (22)
1347 4641 1439 4710 ‚De
1476 4638 1739 4702 tabula)
1789 4640 2004 4696 Tabalae
2063 4635 2193 4694 sunt
2248 4637 2445 4696 chart-³2
2486 4677 2505 4706 ,
2609 4639 2749 4704 bus,
2797 4659 2897 4710 qua
2938 4659 3074 4694 voce
3126 4637 3495 4707 significantur
3550 4637 4067 4705 Senatusconsulta,

1066 4701 1266 4776 scripta
1291 4745 1305 4767 ‚
1343 4705 1694 4784 instrumenta
1729 4711 1878 4766 litis:
1921 4715 1978 4764 ὃ(
2017 4707 2235 4784 quidem
2256 4709 2347 4764 ihc
2386 4710 2505 4779 pri·
2609 4709 2669 4766 in
2724 4709 2909 4779 quibus
2964 4711 3289 4766 Senatorum
3358 4712 3579 4768 nomina
3630 4709 4067 4784 praescribeban-

1063 4792 1204 4832 vatsc
1239 4773 1434 4833 ‹abulae
1479 4781 1902 4847 intelliguntur3
1941 4779 2170 4849 publncae
2210 4781 2359 4834 enim
2424 4799 2504 4835 ta·
2611 4798 2732 4836 tur.-
2792 4777 2887 4835 sed
2926 4797 3039 4835 vox
3092 4777 3243 4836 istius
3300 4779 3713 4853 significationis
3764 4781 3893 4840 huic
3934 4781 4067 4838 loco

1063 4844 1198 4902 bulee
1255 4848 1379 4903 sunt
1434 4849 1614 4925 libri,
1668 4856 1722 4905 ὃ(
1777 4849 1952 4905 liter-‘e
1987 4889 2004 4912 ‚
2055 4867 2173 4918 quae
2228 4849 2504 4921 publicam
2606 4847 2834 4907 minime
2880 4851 3196 4906 convenit.-
3260 4871 3441 4914 veram
3500 4855 3797 4914 lefflonem
3826 4853 4067 4930 perscri-

1049 4921 1378 4976 meznoriam
1412 4935 1740 4974 continent.
1777 4919 1965 4974 Idem.
2596 4921 2881 4995 potionibus
2920 4921 3155 4990 protulit
3192 4921 3481 4988 Lambinus
3504 4969 3521 4994 ,
3572 4925 3781 4986 secutus
3816 4929 4063 4986 aneton..

1140 4997 1297 5065 (23)
1357 4979 1900 5068 Prasmptioqoeibus‘)
1953 4985 2343 5063 Praesti-iptio,
2394 4989 2499 5051 hoc
2608 5011 2767 5050 tatem
2822 4989 3052 5050 duorum
3106 4991 3231 5051 ΜΒ.
3282 4997 3470 5069 quibus
3520 4997 3883 5058 consentiunt
3923 4996 4065 5058 Mss.

1070 5056 1244 5136 loqol,
1299 5067 1328 5125 ί
1365 5081 1482 5120 nam
1522 5063 1629 5118 alio
1667 5069 1778 5119 sere
1828 5058 1984 5118 sensu
2037 5081 2185 5120 nunc
2244 5062 2336 5120 ista
2396 5083 2503 5122 vox
2613 5063 2749 5122 Bod.
2790 5067 2942 5123 Nov.
2982 5067 3170 5134 vvag.
3214 5069 3375 5126 Norf.
3416 5075 3583 5130 Cant.
3624 5072 3804 5130 Mead.
3842 5077 3901 5129 δε
3940 5070 4069 5127 cdx-

1089 5133 1414 5203 ulurpatur)
1456 5134 1596 5194 idem
1633 5131 1894 5206 significat
1929 5131 2075 5206 quod
2093 5155 2377 5208 exceptio,
2414 5133 2501 5193 seu
2613 5135 2713 5208 tio·
2754 5137 2963 5195 Veneta
3002 5178 3018 5195 .
3084 5141 3305 5200 Nomen
3350 5141 3755 5216 perscriptioms
3805 5150 3832 5207 (
3872 5143 4069 5214 inquit

3816 5217 3979 5274 Lam-

4289 3089 4301 3302 <Anna-—
