4359 6321
1236 460 1413 547 262
1963 430 3280 539 'DEORATORE

1103 576 1361 661 mines,
1412 572 1527 663 qui
1574 568 1901 639 excellere
1954 565 2274 656 sapientiae
2323 565 2536 654 gloria
2587 562 2882 648 vellent,
2931 562 3200 647 omnia,
3251 582 3398 651 quae
3448 561 3717 650 quidem
3767 576 3917 634 tum
3953 568 4102 642 haec

1100 678 1335 752 civitas
1386 673 1583 744 noffet
1631 726 1655 761 ‚
1698 672 1925 746 solitos,
1977 669 2097 741 effe
2145 666 2498 758 complesti
2547 712 2570 733 .
2625 663 3077 735 Meminerant
3127 662 3230 735 illi
3275 665 3765 753 a:<.AElium,
3812 670 3908 736 Μ.
3937 694 4104 743 vero

1101 776 1440 847 Manlium
1494 797 1617 845 nos
1668 776 1869 851 etiam
1918 772 2208 843 vidimus
2261 767 2594 852 t,rasverso
2636 766 3092 845 ambulantem
3129 766 3318 835 foro.-
3376 766 3559 857 quod
3605 783 3748 837 erat
3797 769 4106 864 infigne,

1102 902 1259 955 eum
1296 931 1321 967 ,
1368 879 1483 969 qui
1537 877 1601 943 id
1650 877 1893 951 faceret
1918 922 1951 964 -,
2002 875 2220 949 facere
2269 870 2528 944 civibus
2577 870 2886 941 omnibus
2937 868 3192 939 confilii
3248 866 3348 945 sui.
3395 869 3658 956 copiam
3700 895 3718 937 τ
3789 873 3878 945 ad
3927 899 4104 967 quos

1104 984 1269 1052 olim
1324 982 1395 1051 δε
1452 971 1545 1047 ita
1598 977 2006 1048 ambulantes
2046 1028 2068 1063 ‚
2118 980 2188 1049 ὃ(
2253 974 2319 1041 in
2373 974 2540 1047 solio
2596 971 2887 1040 sedentes
2937 972 3126 1037 domi
3163 1021 3194 1055 2
3241 968 3329 1037 fic
3373 969 3688 1041 adibatur
3729 1028 3752 1062 ‚
3802 997 3944 1049 non
3995 978 4104 1047 so-

1106 1086 1263 1165 lum,
1304 1096 1377 1154 ut
1428 1080 1707 1159 dejure
1758 1081 1945 1151 civili
2002 1079 2084 1149 ad
2135 1100 2310 1163 eos,
2364 1095 2602 1145 verum
2652 1076 2858 1141 etiam
2906 1070 2992 1142 de
3043 1071 3188 1141 filia
3239 1071 3637 1143 collocanda
3671 1128 3702 1161 ‚‚
3745 1076 3830 1146 de
3885 1072 4143 1149 fundo'

1099 1186 1382 1253 emendo
1421 1237 1443 1269 ‚
1494 1183 1579 1257 de
1630 1204 1791 1272 agro
1841 1182 2119 1252 colendo
2172 1234 2193 1267 ,
2265 1176 2349 1245 de
2401 1177 2588 1243 omni
2641 1174 2931 1265 denique
2979 1190 3092 1242 aut
3141 1174 3358 1243 officio
3413 1189 3526 1245 aut
3575 1180 3844 1265 negotio
3895 1184 4107 1251 refer-

1100 1302 1281 1355 retur
1324 1334 1341 1353 .
1420 1289 1578 1355 I-Iaec
1636 1284 1761 1353 fuit
1814 1287 1884 1350 P.
1906 1280 2103 1351 'craffi
2176 1283 2358 1348 illius
2413 1278 2648 1347 veteris
2690 1329 2710 1361 ,
2773 1276 2910 1343 haec
2973 1279 3056 1343 T.
3081 1279 3489 1347 Coruncanii
3524 1318 3548 1365 ·,
3615 1280 3755 1348 haec
3795 1280 4102 1371 proavi,

1102 1389 1329 1477 generi
1383 1388 1559 1473 mei,
1609 1386 1928 1477 Scipionis
1957 1436 1976 1471 ‚
2023 1379 2490 1473 prudentiffimi
2546 1377 2835 1447 hominis
2875 1432 2896 1467 ‚
2947 1376 3268 1468 sapientia
3309 1432 3330 1469 ‚
3378 1381 3500 1469 qui
3545 1402 3784 1449 omnes
3836 1387 4104 1472 pontifi-

1100 1509 1210 1557 ces
1265 1490 1543 1557 maximi
1598 1487 1871 1553 fuerunt
1910 1536 1933 1570 ,
2000 1498 2073 1551 ut
2145 1485 2227 1550 ad
2281 1504 2392 1551 eos
2457 1480 2538 1549 de
2586 1479 2894 1557 omnibus
2945 1480 3190 1549 divinis
3261 1500 3462 1572 atque.
3523 1483 3832 1552 humanis
3905 1487 4096 1559 rebus

1100 1588 1505 1660 referretur:
1559 1586 1891 1675 iidemque
1946 1585 2016 1660 &
2074 1583 2142 1653 in
2197 1585 2430 1655 senatu
2471 1637 2492 1669 ‚
2542 1586 2613 1655 δε
2670 1584 2840 1674 apud
2891 1576 3211 1672 populum
3257 1638 3280 1673 ‚
3329 1586 3400 1654 δι
3464 1585 3535 1651 in
3581 1585 3793 1654 caulis
3847 1593 4098 1658 amico.

1102 1711 1257 1759 rum
1300 1740 1325 1775 ,
1396 1693 1465 1761 &
1528 1685 1773 1755 militiae
1826 1686 2182 1756 confilium
2233 1684 2428 1757 suum
2477 1684 2818 1776 fidemque
2871 1686 3249 1777 praestabant
3289 1734 3304 1752 .
3374 1687 3560 1771 Qid
3607 1689 3796 1757 enim
3853 1692 4096 1759 Μ.οα-

1100 1791 1287 1876 toni,
1344 1807 1571 1879 praeter
1622 1786 1800 1857 hanc
1853 1788 2297 1879 politiffimam
2353 1787 2728 1859 destrinam
2777 1788 3293 1859 transmarinam
3361 1806 3555 1879 atque
3607 1792 4036 1862 adventitiam
4075 1848 4104 1880 ‚

1100 1890 1367 1963 defuit?
1426 1896 1653 1977 Num,
1704 1892 1858 1981 quia
1912 1894 2013 1971 jus
2066 1892 2262 1961 civile
2319 1889 2684 1976 didicerat,
2733 1890 2967 1960 causas
3017 1915 3158 1961 non
3213 1890 3540 1961 dicebat?
3613 1910 3730 1962 aut
3777 1895 3930 1983 quia
3979 1916 4102 1983 po·

1103 2008 1273 2061 terat
1326 1996 1587 2082 dicere,
1640 1994 1804 2073 juris
1856 1992 2203 2063 scientiam
2255 1990 2682 2081 negligebat?
2735 2008 2802 2059 at
2857 2012 3141 2086 utroque
3191 1994 3260 2061 in
3301 2014 3550 2082 genere
3589 1998 3664 2066 δε
3721 1995 4101 2083 laboravit,

1104 2095 1173 2164 δε
1236 2095 1521 2183 praestitit
1561 2144 1576 2161 .
1654 2099 1839 2163 Num
1891 2113 2155 2184 propter
2207 2092 2383 2165 hanc
2433 2115 2518 2161 ex
2573 2096 2990 2184 privatorum
3059 2098 3352 2185 negotiis.
3393 2095 3755 2166 collestam
3799 2100 4104 2188 gratiam

1100 2194 1349 2264 tardior
1426 2199 1495 2264 in
1548 2195 1880 2286 republica
1932 2196 2304 2286 capessenda
2361 2198 2488 2265 fuit
2524 2199 2560 2262 ἓ
2633 2217 2836 2267 nemo
2906 2199 3076 2287 apud
3135 2200 3456 2287 populum
3529 2199 3758 2269 fortior
3799 2253 3822 2285 ‚
3889 2218 4120 2265 nemo-

1100 2297 1336 2367 melior
1394 2297 1651 2367 senator
1693 2321 1715 2361 .·
1777 2298 1969 2369 idem,
2014 2299 2207 2367 facile
2257 2302 2546 2388 optimus
2591 2300 2956 2389 imperator
3007 2326 3040 2369 a
3097 2300 3374 2391 denique
3429 2301 3588 2370 nihil
3641 2302 3706 2368 in
3755 2302 3876 2369 hac
3930 2300 4104 2369 civi-

1099 2414 1235 2466 tate
1284 2401 1687 2492 temporibus
1741 2400 1871 2469 illis
1926 2399 2068 2467 sciri
2118 2399 2366 2469 discive
2420 2401 2631 2488 potuit
2685 2454 2707 2491 ,
2776 2405 2950 2491 quod
3005 2400 3120 2470 ille
3177 2424 3310 2471 non
3358 2426 3532 2473 cum.
3566 2404 3966 2493 investigarit
4021 2402 4114 2469 ὃς·

1104 2499 1361 2587 scierit,
1419 2519 1565 2571 tum
1616 2503 1817 2569 etiam
1872 2500 2380 2589 conscripserit„

1210 2607 1414 2671 Nunc
1466 2618 1699 2675 contra
1755 2603 2050 2691 plerique
2122 2606 2204 2669 ad
2252 2604 2542 2675 honores
2596 2602 3040 2694 adipiscendos
3079 2658 3100 2693 ‚
3188 2608 3266 2678 δι’
3331 2607 3428 2674 ad·
3470 2605 3940 2700 rempublicam
3990 2621 4113 2691 ge-

1111 2701 1391 2775 rendam
1447 2702 1610 2769 nudi
1665 2704 1939 2769 veniunt
1994 2719 2188 2791 atque
2245 2704 2528 2772 inermes
2583 2732 2608 2793 ,-
2663 2707 2850 2775 nulla
2903 2708 3279 2795 cognitione
3332 2729 3605 2795 rerum,
3657 2710 3848 2777 nulla
3901 2704 4118 2771 scien-

1112 2810 1205 2875 tia
1256 2804 1475 2877 ornati
1520 2852 1537 2871 .
1608 2802 1719 2869 Sin
1775 2803 2017 2891 aliquis
2064 2804 2334 2869 excellit
2385 2826 2561 2873 unus
2611 2826 2649 2871 e
2697 2808 2932 2872 multis
2969 2857 2992 2890 ‚
3061 2804 3244 2872 effert
3295 2806 3360 2871 se
3395 2858 3418 2891 ‚
3487 2808 3534 2873 fi
3587 2831 3806 2878 unum
3855 2800 4114 2896 aliquid.

1118 2908 1349 2993 affert,
1398 2920 1472 2981 ut
1525 2901 1836 2972 bellicam
1890 2906 2246 2986 virtutem,
2295 2921 2408 2973 aut
2458 2902 2655 2989 usum
2714 2907 3000 2995 aliquem
3055 2906 3465 2993 militarem3
3517 2930 3661 2994 quae
3715 2908 3867 2975 sane
3919 2928 4108 2979 nunc

1111 3009 1393 3100 quidem
1438 3002 1905 3075 obsoleverunt
1945 3030 1967 3093 3
2034 3022 2148 3071 aut
2200 3005 2368 3082 juris
2419 3004 2759 3074 scientiam
2802 3057 2822 3091 ,
2892 3026 2978 3073 ne
3025 3005 3173 3083 eius
3228 3006 3494 3095 quidem
3543 3008 3832 3077 universi
3878 3032 3893 3073 :
3949 3026 4118 3075 nam.

1118 3108 1549 3204 pontificium
1590 3160 1623 3196 ,,
1662 3107 1837 3196 quod
1888 3107 1975 3176 est
2024 3106 2460 3186 coniunstum
2498 3158 2520 3194 ,
2587 3126 2802 3177 nemo
2834 3105 3022 3176 discit
3073 3134 3094 3194 ;
3164 3124 3278 3176 aut
3325 3109 3774 3198 eloquentiam
3816 3162 3838 3197 ,
3904 3128 4116 3202 quam

1118 3217 1185 3282 in
1261 3214 1553 3282 clamore
1622 3211 1693 3280 &
1772 3213 1841 3278 in
1915 3210 2272 3283 verborum
2321 3212 2518 3294 cursu
2593 3211 2868 3301 pofitam
2939 3209 3170 3300 putant
3207 3234 3231 3273 .·
3307 3213 3608 3277 omnium
3683 3232 3840 3280 vero
3909 3211 4130 3279 bona--

1112 3331 1284 3386 'rum
1358 3315 1607 3387 artium
1643 3367 1664 3402 ,
1731 3312 2010 3408 denique
2082 3315 2410 3384 virtutum
2483 3312 2770 3405 ipsarum
2857 3312 3252 3381 societatem.
3303 3314 3892 3402 cognationemque
3967 3333 4116 3378 non

1126 3435 1379 3490 norunt
1398 3467 1418 3485 .,

1234 3523 1553 3589 XXXIV.
1611 3519 1739 3589 Sed
1781 3572 1802 3606 ,
1851 3535 1927 3588 ut
1974 3520 2059 3587 ad
2114 3525 2382 3591 Graecos
2433 3519 2714 3589 referam
2762 3517 3134 3586 orationem
3173 3569 3192 3602 ‚
3246 3511 3540 3604 (quibus.
3581 3527 3796 3581 carere
3845 3508 3916 3574 in
3972 3509 4114 3577 hoc

1132 3621 1399 3710 quidem
1451 3620 1775 3689 sermonis
1832 3641 2077 3710 genere
2126 3645 2260 3692 non
2317 3621 2707 3710 possumus:
2759 3639 2918 3686 nam
2969 3639 3046 3686 ut
3104 3618 3366 3686 virtutis
3420 3637 3458 3684 a
3513 3613 3740 3680 nostris
3778 3660 3800 3695 ‚
3849 3607 3936 3675 fic
3985 3606 4122 3674 do-

1136 3721 1357 3790 Etrinae
1414 3719 1565 3788 sunt
1616 3720 1701 3788 ab
1748 3721 1881 3788 illis
1934 3725 2240 3810 exempla
2291 3722 2698 3811 repetenda)
2771 3720 3010 3812 septem
3065 3719 3246 3786 fuisse
3293 3717 3608 3786 dicuntur
3681 3731 3815 3779 uno
3860 3723 4124 3795 tempo·

1135 3843 1207 3889 re
1238 3873 1259 3906 ‚
1306 3821 1427 3908 qui·
1472 3821 1785 3911 sapientes
1840 3825 1909 3892 ὅ(
1969 3821 2364 3894 haberentur
2417 3827 2488 3895 &
2553 3838 2980 3893 vocarentur.
3039 3822 3132 3886 Hi
3181 3835 3460 3903 omnes,
3511 3833 3740 3901 praeter
3779 3810 4124 3878 Milesium

1136 3923 1429 3991 Thalem
1469 3975 1492 4010 ‚
1540 3921 1917 3992 civitatibus
1974 3925 2104 3994 suis
2155 3926 2564 4015 praefuerunt
2599 3974 2615 3992 .
2671 3926 2841 4008 Quis
2889 3921 3138 3988 doftior
3193 3916 3419 3985 iisdem
3473 3915 3608 3982 illis
3659 3909 4060 4000 temporibus
4099 3961 4122 3997 ‚

1138 4039 1251 4091 aut
1308 4026 1499 4104 cujus
1549 4023 1917 4118 eloquentia
1968 4027 2173 4096 literis
2223 4027 2592 4096 instrufflor
2659 4023 2843 4094 fuifl'e
2909 4020 3192 4088 traditur
3227 4073 3248 4107 ,
3316 4038 3522 4107 quam
3575 4013 3947 4082 Pifistrati?
4001 4011 4120 4100 qui

1138 4126 1395 4214 primus
1447 4130 1719 4196 Homeri
1774 4127 1971 4196 libros
2010 4183 2029 4218 ,
2076 4131 2388 4200 confusos
2439 4143 2675 4214 antea,
2729 4126 2816 4194 fic
2868 4121 3235 4212 disposuiffe
3285 4120 3528 4186 dicitur
3567 4171 3588 4205 ‚
3641 4131 3717 4184 ut
3767 4136 3948 4184 nunc
3997 4113 4116 4178 ha·

1140 4225 1409 4296 bemus.
1463 4234 1617 4297 Non
1672 4230 1795 4297 fuit
1844 4231 1958 4302 ille
2007 4232 2274 4321 quidem
2328 4230 2586 4299 civibus
2644 4229 2788 4297 suis
2829 4225 3055 4310 utilis,
3107 4221 3214 4290 sed
3261 4223 3350 4289 ita
3399 4219 3776 4311 eloquentia
3833 4213 4057 4284 floruit
4097 4263 4122 4296 ,

1144 4344 1219 4396 ut
1270 4329 1476 4402 literis.
1522 4332 1947 4423 dostrinaque
1999 4333 2322 4425 praestaret
2359 4380 2378 4398 .
2454 4331 2636 4417 Qid
2689 4325 2971 4396 Pericles
3021 4325 3050 4390 ἲ
3120 4322 3199 4412 de
3249 4324 3443 4400 cujus
3491 4319 3740 4388 dicendi
3793 4319 3980 4405 copia
4031 4312 4122 4379 fic

1146 4435 1555 4520 accepimuS‚
1608 4451 1683 4500 ut
1719 4485 1738 4519 ‚
1788 4456 1947 4504 cum
1998 4452 2226 4524 contra
2282 4435 2700 4503 voluntatem
2753 4424 3262 4496 Atheniensium
3319 4425 3688 4514 loqueretur
3737 4439 3858 4506 pro
3917 4415 4122 4483 salute

1146 4535 1403 4622 patriae,
1458 4534 1746 4608 severius
1800 4552 2019 4606 tamen
2073 4535 2137 4604 id
2189 4535 2403 4628 ipsum
2444 4589 2468 4622 ,
2517 4533 2696 4626 quod
2748 4531 2866 4600 ille
2917 4545 3148 4597 contra
3201 4526 3546 4615 populares
3596 4519 3898 4589 homines
3949 4515 4122 4584 dice-

1136 4651 1243 4700 -ret
1282 4689 1303 4720 ,
1372 4638 1683 4726 populare
1733 4639 2037 4708 omnibus
2096 4641 2169 4709 &
2229 4639 2602 4717 jucundum
2649 4635 2976 4702 videretur
3013 4653 3036 4692 .-
3090 4629 3280 4707 cujus
3335 4626 3404 4693 in
3457 4623 3650 4692 labris
3711 4638 3962 4690 veteres
4012 4639 4124 4685 co·

1146 4737 1303 4805 mici
1342 4789 1361 4824 ,
1430 4741 1629 4807 etiam
1678 4761 1845 4810 cum.
1887 4742 1989 4808 illi
2040 4739 2514 4806 maledicerent
2545 4789 2604 4825 ,,,
2659 4733 2890 4828 (quod
2941 4747 3092 4800 tum
3147 4729 3446 4796 Athenis.
3483 4727 3638 4820 fieri.
3679 4721 3964 4808 licebat)
4035 4719 4122 4788 le·

1154 4859 1377 4927 potem
1431 4839 1750 4910 habitasse
1798 4840 2117 4909 dixerunt
2156 4865 2179 4928 ;
2227 4855 2614 4927 tantamque
2665 4839 2732 4906 in
2781 4857 2864 4902 eo
2915 4834 3054 4900 vim
3105 4831 3290 4899 fuiffe
3325 4883 3348 4918 ‚
3413 4843 3493 4900 ut
3537 4829 3608 4897 in
3659 4845 3891 4895 eorum
3937 4839 4122 4888 men·

1146 4940 1319 5011 tibus
1358 4995 1379 5030 ‚
1446 4947 1560 5034 qui
1613 4943 1927 5016 audissent
1967 4994 1989 5030 ,
2060 4939 2242 5034 quafi
2314 4939 2608 5012 aculeos·
2655 4935 2971 5034 quosdam
3045 4932 3443 5026 relinqueret
3481 4979 3499 5000 .
3576 4933 3702 5118 At(
3728 4930 3932 5122 Ξιιὶιοοι
3986 4943 4120 4990 non

3867 5049 3904 5097 c
3939 5047 4008 5094 a·
