4359 6321
1215 416 1401 529 164
1895 372 3221 499 DEORATORE
3471 385 3497 414 ’

1082 537 1216 607 fine
1273 532 1746 605 sententiarum
1799 526 2155 597 forensium
2208 522 2455 593 aculeis
2506 517 3029 611 persequendum
3079 519 3227 589 est.
3307 518 3579 587 Harum
3630 530 3726 589 tot
3766 574 3787 610 ‚
3854 534 4077 592 tanta-

1077 657 1362 727 rumque
1413 656 1637 705 rerum
1693 628 2008 701 videtisne
2056 623 2249 697 nulla
2296 623 2420 691 effe
2472 640 2790 711 praecepta
2828 674 2848 707 ,
2882 690 2891 697 ,
2922 643 3062 711 quae
3135 620 3206 688 in
3256 618 3502 688 artibus
3558 622 3897 695 rhetorum
3974 642 4075 695 re-

1079 741 1424 831 periantur
1467 740 1502 801 .?
1557 741 1636 805 In
1687 732 1922 804 eodem
1977 727 2231 799 silentio
2280 725 2496 795 multa
2551 724 2675 794 alia
2730 732 3067 790 oratorum
3120 722 3328 789 officia
3383 723 3781 813 iacuerunt,
3832 724 4075 797 cohor-

1077 842 1354 913 tationes
1393 890 1416 925 ,
1481 834 1964 907 consolationes
2001 886 2023 919 ,
2095 842 2409 920 praecepta
2444 878 2465 913 ,
2533 824 2867 893 admonita
2908 878 2929 911 ,
3000 845 3143 913 quae
3214 823 3557 893 traStanda
3630 826 3784 897 sunt
3838 832 4073 904 omnia

1077 940 1533 1011 disertissime:
1607 938 1725 1009 sed
1797 937 2023 1005 locum
2076 922 2271 1001 suum
2324 931 2397 998 in
2450 928 2581 997 illis
2634 926 2878 995 artibus
2918 977 2939 1013 ,
3007 946 3152 1015 quae
3222 924 3475 995 traditae
3533 926 3685 997 sunt
3736 984 3759 1019 ,
3826 929 4071 1002 habent

1073 1043 1384 1114 nullum.
2788 1100 2793 1108 .

1176 1150 1407 1235 Atque
1473 1144 1543 1211 in
1595 1141 1723 1211 hoc
1773 1158 2012 1231 genere
2086 1136 2201 1203 illa
2251 1152 2515 1226 quoque
2564 1129 2653 1198 est
2703 1129 2965 1199 infinita
3022 1128 3185 1197 silva
3228 1182 3247 1215 ‚
3318 1126 3499 1221 quod
3570 1135 3820 1203 oratori
3874 1136 4068 1223 pleri-

1071 1266 1198 1333 que
1249 1254 1372 1329 (ut
1423 1244 1627 1310 etiarn
1647 1244 1908 1309 Crassus
1955 1237 2279 1325 ostendit)
2336 1236 2470 1302 duo
2518 1252 2762 1321 genera
2814 1231 2899 1299 ad
2952 1230 3317 1301 dicendum
3366 1231 3729 1303 dederunt.
3788 1240 4069 1325 Unum,

1069 1347 1152 1419 de
1203 1361 1376 1412 certa
1425 1344 1831 1433 definitaque
1885 1340 2082 1413 causa
2123 1392 2142 1425 ‚
2211 1337 2435 1427 quales
2488 1334 2637 1405 sunt
2675 1387 2696 1420 ‚
2765 1356 2905 1423 quae
2956 1334 3025 1402 in
3082 1333 3300 1401 litibus
3340 1387 3357 1419 ‚
3429 1358 3577 1425 quae
3632 1338 3699 1404 in
3752 1337 4065 1419 delibera-

1070 1444 1360 1513 tionibus
1414 1444 1802 1511 versantur=
1857 1440 2095 1527 addat,
2147 1438 2195 1505 fi
2249 1439 2397 1529 quis
2451 1436 2673 1523 volet,
2720 1439 2927 1503 etiam
2978 1434 3421 1503 laudationes,
3472 1440 3831 1526 Alterum,
3886 1443 4065 1531 quod.

1069 1548 1408 1635 appellant
1461 1566 1690 1615 omnes
1745 1544 1878 1611 fere
1933 1542 2308 1630 scriptores,
2360 1539 2646 1628 explicat
2700 1558 2941 1623 nem0,
2995 1536 3333 1604 infinitam
3385 1542 3644 1625 generis
3700 1541 3833 1609 fine
3888 1561 4062 1610 tem-

1066 1666 1266 1734 pore,
1321 1650 1391 1715 &
1454 1646 1586 1711 fine
1639 1645 1910 1734 persona
1949 1696 1968 1729 ,
2021 1642 2445 1732 quaestionem
2484 1690 2500 1706 .
2556 1644 2705 1709 Hoc
2760 1639 2916 1729 quid
2956 1690 2976 1723 ,
3030 1640 3101 1707 &
3158 1655 3485 1727 quantum
3544 1640 3620 1706 fit
3656 1694 3679 1727 ‚
3746 1666 3905 1713 cum
3966 1644 4065 1709 di-

1066 1761 1266 1831 cunt,
1319 1746 1692 1835 intelligere
1745 1745 1908 1813 mihi
1965 1764 2095 1811 non
2153 1742 2507 1815 videntur.
2562 1742 2629 1809 si
2682 1745 2863 1809 enim
2912 1740 3000 1807 est
3052 1742 3335 1807 oratoris
3378 1791 3398 1826 ,
3468 1763 3895 1833 quaecumque
3951 1767 4063 1809 res

1066 1848 1330 1914 infinite
1399 1848 1599 1936 polita
1655 1847 1732 1915 fit
1767 1903 1788 1935 ‚
1857 1846 1942 1912 de
1990 1866 2070 1912 ea
2123 1846 2285 1933 poffe
2332 1844 2549 1912 dicere
2594 1895 2615 1928 ,
2688 1840 3046 1910 dicendum
3093 1842 3214 1906 erit
3266 1842 3383 1925 ei,
3456 1858 3699 1929 quanta
3770 1845 3846 1911 stt
3904 1846 4069 1911 solis

1064 1947 1462 2036 magnitudo
1499 2003 1520 2038 ,
1569 1971 1714 2039 quae
1767 1950 1988 2017 forma
2039 1964 2278 2015 terrae:
2337 1948 2417 2011 de
2474 1940 2999 2035 mathematicis,
3053 1940 3135 2008 de
3192 1941 3455 2011 muficis
3510 1941 3698 2011 rebus
3752 1966 3889 2011 nou
3942 1966 4061 2031 po·

1059 2050 1284 2131 terit,
1321 2049 1485 2137 quin
1533 2052 1752 2135 dicat,
1805 2049 1928 2115 hoc
1981 2068 2174 2113 onere
2231 2044 2525 2133 suscepto
2567 2099 2587 2130 ,
2640 2046 2970 2125 recusare.
3030 2044 3335 2133 Denique
3388 2044 3491 2126 ei,
3542 2048 3651 2132 qui
3708 2046 4063 2133 profitetur

1059 2147 1179 2215 esse
1233 2148 1425 2215 suum
1463 2204 1488 2237 ,
1539 2172 1674 2219 non
1728 2149 1944 2217 solum
1995 2147 2075 2215 de
2129 2148 2205 2215 iis
2260 2146 2717 2214 controversiis
2754 2199 2775 2232 ,
2830 2158 2851 2231 (
2880 2170 2971 2227 27
2998 2156 3029 2228 )
3078 2166 3220 2235 quae
3272 2146 3672 2230 temporibus
3707 2199 3728 2234 ,
3782 2151 3852 2216 ὅ(
3912 2168 4055 2235 per-

1063 2248 1236 2315 sonis
1291 2266 1459 2319 notae
1517 2250 1666 2321 sunt
1705 2303 1726 2337 ,
1797 2250 1923 2318 hoc
1977 2247 2072 2315 est
2112 2302 2135 2335 ,
2199 2248 2279 2316 de
2332 2247 2639 2316 omnibus
2698 2245 3054 2314 forensibus
3107 2295 3127 2328 ,
3180 2242 3284 2311 sed
3334 2247 3533 2313 etiam
3589 2248 3673 2315 de
3727 2268 4053 2337 generum

1055 2348 1342 2417 infinitis
1411 2350 1868 2442 quaestionibus
1925 2350 2142 2431 dicere
2182 2402 2209 2436 2
2275 2350 2547 2419 nullum
2618 2348 2815 2438 potest
2884 2347 3005 2415 effe
3064 2366 3274 2435 genus
3342 2347 3657 2417 orationis
3726 2348 3899 2441 quod
3972 2350 4053 2417 fit

1052 2468 1436 2538 exceptum.
2898 2475 2902 2479 ·
4038 2472 4063 2521 x

1158 2555 1349 2617 XVI.
1409 2552 1530 2619 Sed
1583 2552 1630 2615 fi
1681 2549 1872 2629 illam
1923 2569 2189 2639 quoque
2240 2563 2494 2636 partem
2548 2550 2979 2641 quaestionum
3028 2551 3277 2620 oratori
3350 2555 3672 2623 volumus
3728 2555 4049 2645 adjunge-

1058 2670 1132 2717 re
1183 2668 1430 2736 vagam
1468 2702 1489 2736 ,
1541 2652 1614 2717 δε
1669 2648 1946 2719 libeer
1985 2702 2008 2735 ,
2077 2652 2149 2719 δε
2213 2650 2348 2718 late
2398 2666 2727 2741 patentem
2771 2706 2790 2738 ,
2874 2672 2947 2721 ut
2997 2656 3079 2721 de
3138 2654 3329 2723 rebus
3385 2655 3568 2723 bonis
3616 2674 3731 2725 aut
3784 2659 3977 2725 malis
4028 2708 4059 2743 ,

1060 2749 1454 2837 expetendis
1511 2764 1623 2816 aut
1677 2750 2006 2840 fugiendis
2045 2804 2068 2837 ‚
2118 2750 2401 2818 honestis
2454 2769 2567 2821 aut
2619 2751 2917 2841 turpibus
2970 2808 2987 2839 ‚
3044 2754 3311 2820 utilibus
3368 2772 3479 2820 aut
3530 2756 3917 2845 inutilibus,
3972 2757 4059 2823 de

1061 2852 1349 2936 virtute,
1403 2850 1486 2917 de
1543 2850 1823 2936 justitia,
1873 2850 1956 2918 de
2014 2852 2427 2918 contiuentia
2474 2904 2496 2936 ,
2542 2852 2625 2919 de
2680 2852 3029 2941 prudentia
3067 2904 3087 2935 ,
3136 2852 3215 2917 de
3274 2855 3725 2941 magnitudine
3778 2860 3986 2923 animi
4032 2912 4067 2943 ,

1058 2952 1140 3017 de
1191 2951 1610 3035 liberalitate,
1658 2953 1739 3017 de
1795 2956 2070 3039 pietate,
2122 2950 2202 3017 de
2256 2953 2547 3020 amicitia
2584 3006 2609 3039 ,
2652 2952 2733 3018 de
2782 2952 2915 3021 fide
2952 3005 2975 3039 ,
3026 2952 3105 3017 de
3158 2951 3372 3019 officio
3412 3005 3433 3037 ,
3482 2952 3561 3017 de
3610 2956 3857 3021 caeteris
3913 2959 4062 3020 vir-

1063 3048 1314 3117 tutibus
1354 3103 1374 3135 ,
1429 3050 1905 3143 contrariisque
1959 3051 2132 3117 vitiis
2176 3106 2199 3135 ,
2252 3053 2607 3121 dicendum
2656 3055 2896 3121 oratori
2950 3070 3309 3143 putemus:
3385 3054 3669 3143 itemque
3721 3053 3802 3118 de
3857 3072 4057 3139 repu-

1063 3150 1280 3238 blica,
1327 3150 1412 3220 de
1466 3151 1780 3240 imperi0,
1830 3153 1914 3220 de
1962 3174 2031 3219 re
2082 3154 2407 3242 militari,
2460 3154 2539 3222 de
2591 3154 2941 3243 disciplina
2990 3154 3317 3240 civitatis,
3366 3153 3451 3220 de
3503 3155 3855 3222 hominum
3908 3177 4055 3226 mo·

1061 3249 1294 3318 ribus:
1351 3253 1752 3322 assumamus
1804 3274 1954 3320 eam
2009 3274 2269 3342 quoque
2319 3273 2622 3344 partem,
2671 3255 2779 3322 sed
2832 3257 2963 3339 ita,
3018 3269 3095 3320 ut
3142 3253 3219 3319 fit
3270 3255 3773 3345 circumscripta
3831 3255 4042 3324 modi·

1060 3356 1157 3419 cis
1201 3352 1618 3440 regionibus.
4012 3423 4020 3429 ,

1165 3453 1492 3542 Equidem
1537 3454 1766 3520 omnia-
1805 3505 1828 3536 ,
1897 3475 2036 3542 quae
2091 3456 2419 3542 pertinent
2492 3456 2571 3522 ad
2640 3456 2841 3526 usum
2910 3457 3163 3526 civium
3202 3509 3223 3540 ,
3294 3477 3551 3526 morem
3623 3455 3965 3526 hominum
4014 3513 4033 3543 ,

1061 3577 1201 3641 quae
1255 3553 1602 3622 versantur
1653 3555 1722 3618 in
1775 3554 2247 3642 consuetudine
2300 3561 2446 3624 vitae
2477 3609 2498 3642 ,
2549 3558 2617 3626 in
2672 3560 2922 3626 ratione
2974 3557 3345 3646 reipublicae
3405 3612 3425 3644 ,
3478 3561 3545 3626 in
3598 3557 3721 3626 hac
3778 3556 4041 3626 societa-

1061 3672 1124 3718 te
1175 3652 1418 3736 civili,
1468 3656 1536 3717 in
1593 3652 1780 3719 sensu
1828 3656 2176 3723 hominum
2244 3661 2653 3745 communi,
2716 3662 2785 3728 in
2844 3678 3079 3728 natura
3118 3713 3139 3745 ,
3208 3661 3275 3726 in
3331 3658 3621 3726 moribus
3660 3711 3680 3746 ,
3746 3679 4039 3747 compre-

1063 3749 1412 3819 hendenda
1461 3752 1584 3817 effe
1633 3753 1876 3817 oratori
1924 3771 2136 3840 puto:
2216 3757 2263 3822 fi
2313 3760 2538 3826 minus
2577 3811 2597 3844 ,
2664 3777 2738 3827 ut
2796 3763 3141 3849 separatim
3204 3760 3285 3826 de
3339 3761 3443 3826 his
3516 3760 3707 3828 rebus
3762 3759 4045 3848 philoso-

1065 3853 1348 3942 phorum
1401 3871 1588 3918 more
1639 3851 2016 3940 respondeat
2057 3905 2088 3939 ,‚
2147 3871 2215 3922 at
2264 3877 2444 3926 certe
2512 3873 2587 3926 ut
2636 3861 2707 3926 in
2758 3861 2953 3929 causa
3022 3859 3369 3948 prudenter
3418 3863 3599 3947 poffit
3668 3864 3967 3932 intexere
4020 3887 4041 3926 ι

1065 3951 1239 4019 hisce
1291 3969 1520 4020 autem
1572 3953 1722 4041 ipsis
1789 3951 1866 4019 de
1923 3953 2112 4023 rebus
2185 3972 2257 4022 ut
2310 3960 2397 4024 ita
2452 3958 2757 4050 loquatur
2796 4013 2815 4046 ,
2884 3978 2957 4028 ut
3008 3963 3114 4046 ii,
3182 3965 3294 4052 qui
3348 3961 3491 4038 jura
3532 4015 3553 4045 ,
3622 3966 3732 4052 qui
3788 3963 3967 4052 leges
4020 4015 4045 4050 ,

1064 4053 1182 4142 qui
1231 4053 1538 4122 civitates-
1579 4053 2064 4124 constituerunt
2096 4108 2116 4141 ,
2168 4059 2385 4125 locuti·
2434 4059 2591 4156 sunt
2628 4113 2653 4146 ‚
2706 4061 3079 4150 fimpliciter
3132 4065 3205 4131 δε
3262 4061 3603 4152 splendide
3638 4117 3661 4152 ,
3712 4065 3844 4132 fine
3893 4065 4045 4132 ulla

1071 4151 1230 4224 serie
1279 4154 1844 4248 disputationum,
1895 4161 1964 4226 δε
2025 4157 2158 4226 fine
2211 4159 2431 4238 ieiuna
2484 4166 2961 4232 concertatione
3016 4161 3409 4238 verborum.

3786 4269 3937 4336 Hoc

1063 4479 4025 4560 Μ

1137 4655 1166 4714 (
1185 4658 1302 4716 27)
1381 4651 1520 4728 Qua
1573 4653 1914 4731 temporibus·
1951 4653 2040 4719 ό·-
2061 4651 2299 4734 personis
2348 4675 2496 4716 notae
2600 4658 2697 4718 illa
2730 4678 2837 4716 nem
2856 4657 3160 4729 designatur
3182 4663 3516 4732 „temporibus
3550 4683 3619 4720 ac
3646 4662 3915 4736 personis·
3948 4663 4036 4722 sic

1049 4721 1234 4793 sunt)
1271 4721 1588 4802 Inusitatarn
1640 4721 1782 4780 hanc
1831 4725 1932 4779 elie
1985 4727 2321 4784 locutionem
2356 4728 2497 4786 arbi-
2600 4730 2663 4788 in
2700 4734 2842 4788 Part.
2878 4732 3043 4789 Orat.
3082 4729 3353 4788 Alterum
3388 4731 3711 4802 infinitum,
3747 4737 3923 4794 nullis
3940 4755 4037 4792 nea

1061 4807 1244 4860 tratusj
1279 4793 1356 4850 est
1393 4793 1682 4852 Lambinus
1711 4835 1728 4859 ,
1750 4865 1759 4874 1
1785 4800 1839 4851 δε
1879 4796 2011 4874 legit
2049 4813 2248 4875 notata
2282 4821 2299 4863 5
2350 4801 2496 4871 quod
2600 4821 2705 4876 que
2732 4799 2996 4873 personis,
3035 4819 3209 4875 neque
3244 4805 3561 4862 temnoribus
3616 4825 3860 4866 notatum
3888 4849 3905 4865 .
3962 4815 4035 4867 Et

1061 4866 1418 4943 vehementer
1461 4865 1666 4948 probo.
1709 4868 1792 4947 5¹5³
1829 4886 1976 4946 enirn
2011 4867 2148 4925 olim
2184 4868 2363 4929 edidit
2383 4877 2497 4930 Ma-
2597 4871 2760 4930 alibi.-
2810 4881 2907 4928 Ita
2942 4869 3355 4944 desceptatimes
3407 4897 3470 4934 ει
3500 4915 3517 4940 ,
3552 4897 3665 4954 qua
3702 4884 3763 4937 in
3798 4885 3869 4936 iis
3906 4901 4035 4936 con-

1058 4955 1274 5017 nuttus,
1307 4942 1366 5018 U&
1391 4936 1476 5018 ‘fic
1511 4939 1716 5017 Cicero
1751 4957 1810 4994 m
1853 4937 1946 5017 Ιώ.
1991 4958 2036 4994 1.
2071 4939 2140 4997 de
2175 4942 2286 5000 Or.
2323 4963 2376 5000 c.
2408 4963 2493 5015 3¹·
2596 4941 2871 5015 troverss'is
2904 4949 3191 5012 oriuntur,
3245 4965 3356 5022 qua
3393 4947 3536 5019 sunt
3586 4957 3747 5007 certis
3800 4949 4032 5025 personis

1059 5007 1345 5081 distmgmt
1385 5006 1658 5070 infinitam
1693 5009 2045 5084 quaestlonem
2080 5031 2107 5070 a
2145 5010 2336 5081 finita,
2373 5016 2495 5085 quia
2594 5015 2665 5082 ’ἀι
2702 5017 3027 5089 temporibus
3067 5037 3266 5078 notatae
3300 5023 3408 5080 διε,
3444 5025 3743 5082 Psanites„

4247 1514 4329 3349 l
