4359 6321
1107 436 1492 599 ,agndum
1529 573 1550 609 ‚
1623 536 1833 611 quam
1901 532 1940 579 a
1998 509 2251 602 sperata
2300 508 2554 577 dicendi
2608 508 2829 598 gloria
2880 502 3342 597 discedendum
3400 504 3665 593 putavi.
3722 508 3893 595 Sed,
3942 532 4134 582 cum

1108 626 1487 709 censerem,
1537 620 1900 693 remiffione
1949 616 2018 683 δε
2079 612 2525 695 moderatione
2576 612 2797 695 νοεῖς,
2846 612 2919 695 ὃς
2976 622 3394 679 commutato
3448 627 3694 699 genere
3765 607 4042 681 dicendi
4106 668 4137 700 ‚

1101 750 1216 799 me
1265 731 1339 800 ἃ
1398 724 1766 815 periculum
1827 717 2036 793 vitare
2089 714 2290 804 posse,
2344 716 2415 783 ὅτ.
2476 711 2901 801 temperatius
2952 712 3205 779 dicere:
3259 726 3333 775 ut
3389 708 3937 799 consuetudinem
4002 714 4138 783 di-

1103 829 1294 900 cendi
1349 841 1722 911 mutarem,
1769 840 1851 896 ea,
1898 815 2094 888 causa
2147 816 2311 883 mihi
2386 818 2453 883 in
2510 814 2739 889 Aliam
2792 812 3181 898 proficiendi
3260 810 3389 878 fuit
3438 860 3455 875 .
3513 816 3745 903 Itaque
3792 836 3943 881 cum
4000 817 4131 885 es-

1105 932 1244 1000 sem
1295 926 1642 996 biennium
1687 919 1990 997 versatus
2039 921 2106 1002 in
2157 916 2366 986 causis
2396 968 2417 1003 ,
2467 917 2538 985 &
2600 914 2733 991 iam
2792 915 2859 978 in
2914 912 3060 981 foro
3107 909 3518 981 celebratum
3570 935 3801 983 meum
3852 938 4127 985 nomeu

1104 1031 1302 1116 esset,
1357 1034 1574 1097 Roma
1630 1027 1776 1094 sum
1833 1020 2210 1112 profestuS.

1204 1138 1380 1200 Cum
1437 1128 1748 1197 venissem
1799 1122 2097 1189 Athenas
2139 1175 2160 1207 ,
2232 1118 2345 1184 sex
2396 1113 2653 1183 menses
2726 1138 2884 1184 cum
2942 1115 3281 1182 Antiocho
3331 1169 3353 1202 ‚
3424 1119 3668 1187 veteris
3724 1118 4121 1191 Academiae

1107 1231 1492 1302 nobiliffimo
1543 1232 1612 1300 &t
1671 1222 2169 1318 prudentissimo
2222 1217 2601 1307 philosopho
2640 1270 2661 1302 ,
2734 1218 2829 1284 fui
2874 1270 2897 1303 ,
2964 1217 3381 1307 studiumque
3454 1220 3871 1310 philosophiae
3926 1244 4118 1295 nun..

1103 1356 1306 1426 quarn
1355 1330 1790 1402 intermissum
1830 1378 1851 1410 ,
1923 1342 1958 1387 a
2015 1324 2358 1410 primaque
2433 1319 2863 1386 adolescentia
2920 1322 3191 1387 cultum
3234 1372 3257 1407 ‚
3305 1320 3377 1409 &
3438 1322 3691 1408 semper
3748 1324 4027 1391 austum
4084 1380 4115 1411 ‚

1101 1439 1227 1507 hoc
1285 1433 1514 1503 rursus
1572 1432 1834 1497 summo
1887 1421 2152 1489 austore
2188 1476 2212 1507 ,
2279 1424 2351 1491 &
2406 1420 2673 1487 dostore
2728 1422 3040 1491 renovavi
3084 1470 3099 1485 .
3176 1415 3430 1489 Eodem
3504 1439 3726 1489 tamen
3764 1507 3771 1515 ·
3804 1441 4111 1515 tempore

1101 1540 1388 1605 Athenis
1443 1531 1614 1619 apud
1669 1524 2088 1593 Demetrium
2137 1528 2439 1607 Syrum,
2496 1540 2831 1608 veterem,
2886 1525 2955 1593 δε
3014 1544 3144 1587 non
3205 1523 3572 1613 ignobilem
3620 1524 3880 1593 dicendi
3956 1547 4109 1594 ma-

1100 1639 1378 1729 gistrum
1410 1688 1427 1719 ‚
1479 1626 1751 1699 studiose
1803 1627 2096 1693 exerceri
2150 1624 2476 1691 solebam.
2532 1624 2681 1690 Post
2720 1645 2756 1689 a
2812 1647 2916 1692 me
2956 1624 3114 1690 Asia
3172 1640 3303 1691 tota
3356 1644 3703 1715 peragrata
3755 1628 3888 1713 est,
3939 1614 4103 1697 cum

1101 1737 1379 1805 summis
1428 1734 1698 1822 quidem
1749 1724 2154 1814 oratoribus,
2206 1723 2597 1818 quibuscum
2650 1728 3001 1794 exercebar
3074 1724 3219 1814 ipsis
3295 1727 3663 1795 lubentibus
3706 1749 3729 1789 .·
3806 1752 4101 1820 quorum

1098 1854 1243 1908 erat
1297 1837 1604 1925 princeps
1655 1830 2012 1918 Menippus
2065 1827 2607 1912 Stratonicensis,
2663 1849 2814 1895 meo
2868 1826 3148 1913 judicic,
3194 1844 3329 1895 tota
3380 1829 3536 1896 Asia
3576 1884 3599 1918 ‚
3650 1828 3789 1897 illis
3836 1846 4094 1921 tempo-

1099 1936 1330 2026 ribus,
1371 1936 1869 2005 disertiffimus:
1924 1931 2049 2016 δε,
2098 1930 2146 1997 fi
2198 1928 2364 1998 nihil
2416 1926 2656 1995 habere
2706 1930 3199 2015 molestiarum,
3248 1952 3371 1999 nec
3424 1932 3867 2021 ineptiarum,
3918 1934 4099 2001 Atti·-

1097 2062 1336 2111 corum
1388 2039 1478 2107 est
1511 2090 1538 2123 ,
1581 2037 1690 2103 hic
1742 2046 1970 2100 orator
2022 2031 2090 2099 in
2144 2030 2280 2099 illis
2329 2032 2661 2097 numerari
2716 2031 2895 2099 refte
2944 2031 3185 2119 potest.

1200 2140 1633 2209 Affiduiffime
1683 2152 1907 2207 autem
1961 2153 2231 2208 mecum
2288 2132 2414 2199 fuit
2489 2132 2857 2218 Dionysius
2908 2134 3196 2221 Magnes
3234 2182 3253 2201 .
3324 2136 3477 2201 Erat
3518 2134 3732 2201 ‚etiam
3786 2134 4097 2220 AEschy-

1098 2246 1204 2316 lus
1256 2242 1580 2325 Cnidius,
1636 2239 2146 2317 Adramytenus
2199 2233 2531 2302 Xenocles
2581 2281 2597 2299 .
2673 2237 2765 2301 Hi
2816 2252 2965 2303 tum
3020 2238 3085 2302 in
3142 2236 3299 2303 Asia
3351 2235 3684 2303 rhetorum
3758 2237 4105 2327 principes

1096 2342 1668 2413 numerabantur.
1723 2334 1984 2422 Qibus
2035 2358 2164 2403 non
2220 2352 2626 2421 contentus,
2680 2336 2992 2403 Rhodum
3055 2338 3258 2423 veui,
3310 2359 3540 2429 meque
3590 2339 3669 2404 ad
3722 2340 4017 2407 eundem
4074 2390 4104 2423 ‚

1096 2470 1300 2539 quem
1356 2453 1585 2513 Rom-az
1643 2443 2074 2522 audiveram,
2125 2438 2519 2523 Molonem,
2570 2439 2947 2526 applicavi,
2998 2461 3155 2506 cum
3216 2440 3551 2509 auitorem
3604 2442 3671 2507 in
3730 2441 3901 2505 veris
3936 2460 4094 2506 cau-

1098 2552 1218 2633 sis,
1274 2548 1794 2633 scriptoremque
1849 2537 2315 2627 praestantem,
2358 2556 2517 2606 tum
2572 2542 2639 2607 in
2698 2540 3007 2608 notandis
3058 2539 3798 2629 animadvertendisque
3852 2542 4022 2606 vitiis
4070 2592 4099 2625 ,

1101 2654 1172 2720 &
1231 2644 1630 2714 instituendo
1681 2641 2117 2727 docendoque
2188 2635 2773 2731 prudentissimum
2814 2690 2829 2709 .
2916 2646 2987 2709 Is
3034 2644 3206 2709 dedit
3258 2666 3535 2731 operam
3604 2653 3631 2731 (
3688 2641 3736 2708 fi
3787 2641 3979 2729 modo
4027 2642 4087 2708 id

1103 2749 1426 2837 consequi
1476 2746 1686 2835 potuit
1732 2759 1756 2833 )
1812 2758 1885 2809 ut
1938 2744 2138 2809 nimis
2192 2742 2647 2810 redundantes
2696 2765 2818 2811 nos
2864 2796 2883 2830 ‚
2934 2747 3003 2813 &
3064 2743 3549 2833 superfluentes
3603 2745 3879 2823 iuvenili
3930 2763 4091 2833 qua·

1103 2854 1256 2917 dam
1312 2849 1578 2917 dicendi
1626 2844 2018 2933 impunitate
2070 2846 2139 2911 &
2207 2843 2475 2911 licentia
2524 2900 2545 2930 ,
2609 2847 3001 2934 reprimeret
3040 2898 3063 2931 ,
3114 2848 3182 2915 &
3242 2846 3426 2937 quasi
3483 2865 3711 2915 extra.
3750 2851 3919 2935 ripas
3962 2844 4089 2911 dif-

1115 2950 1399 3019 fluentes
1450 2963 1778 3017 coerceret
1800 2993 1826 3012 ..
1878 2946 1980 3008 Ita
2031 2944 2251 3031 recepi
2304 2966 2415 3012 me
2466 2943 2730 3013 biennio
2780 2945 2959 3035 post,
3006 2967 3139 3014 non
3194 2946 3393 3015 modo
3445 2948 3873 3018 exercitatior
3908 2999 3926 3031 ,
3978 2946 4084 3013 sed

1111 3074 1310 3143 prope
1363 3068 1696 3124 mutatus.
1753 3050 1934 3115 Nam
1990 3046 2060 3113 &
2121 3048 2463 3113 contentio
2534 3048 2743 3129 nimia
2818 3051 2999 3117 vocis
3069 3048 3382 3117 reciderat
3421 3100 3441 3133 ,
3518 3052 3610 3138 βε.
3650 3050 3832 3138 quafi
3882 3045 4085 3116 defer-

1106 3154 1338 3227 buerat
1410 3152 1622 3222 oratio
1661 3205 1680 3237 ,
1751 3142 2195 3240 lateribusque
2294 3148 2467 3216 vires
2538 3201 2567 3235 ,
2634 3152 2704 3221 &
2784 3151 3077 3242 corporis
3142 3150 3495 3220 mediocris
3558 3151 3822 3221 habitus
3880 3148 4097 3220 acces·

1111 3255 1318 3324 serat.

1219 3360 1432 3426 XCII.
1495 3360 1662 3424 Duo
1703 3373 1852 3422 tum
1905 3349 2318 3424 excellebant
2370 3370 2667 3422 oratores
2706 3405 2726 3440 ‚
2776 3356 2897 3446 qui
2944 3377 3051 3423 me
3104 3353 3411 3450 imitandi
3452 3356 3802 3443 cupiditate
3848 3355 4097 3422 incita-

1114 3475 1308 3546 rent,
1359 3465 1554 3528 Cotta
1632 3461 1701 3527 δι
1784 3452 2243 3521 Hortenfius:
2312 3477 2599 3544 quorum
2658 3456 2821 3524 alter
2870 3456 3185 3527 remissus
3237 3460 3308 3526 δε
3368 3457 3528 3525 leuis
3562 3509 3583 3542 ,
3654 3460 3723 3526 ὅ(
3796 3456 4100 3546 propriis

1109 3561 1330 3628 verbis
1380 3558 1938 3648 comprehendens
1997 3551 2205 3621 solute
2262 3559 2329 3625 &
2390 3557 2585 3648 facile
2639 3556 3069 3646 l'en'tentiam;
3124 3539 3301 3644 alte}-
3348 3578 3672 3645 ornatuS,
3742 3580 3889 3626 acer
3932 3609 3959 3642 ,
4012 3559 4086 3626 &

1118 3683 1256 3728 non
1309 3662 1510 3746 talis,
1552 3661 1824 3749 qualem
1871 3677 1952 3724 tu
2001 3676 2154 3722 eum
2184 3709 2209 3742 ,
2256 3661 2465 3728 Brute
2488 3711 2513 3744 ‚.
2552 3659 2694 3737 jam·
2745 3660 3295 3742 deflorescentem·
3328 3659 3735 3751 cognovisti,
3778 3659 3891 3728 sed
3944 3681 4095 3726 ver-

1118 3762 1400 3845 borum,
1451 3764 1522 3829 δε
1577 3760 1853 3830 aetionis
1900 3777 2148 3849 genere
2188 3763 2586 3828 commotior
2622 3811 2643 3828 .
2718 3766 2955 3852 Itaque
3000 3785 3161 3830 cum
3217 3764 3569 3831 Hortensio
3634 3763 3805 3830 mihi
3870 3762 4086 3849 magis

1120 3859 1492 3932 arbitrabar
1533 3883 1682 3928 rem
1731 3861 1916 3947 esse,.
1961 3857 2138 3950 quod
2192 3862 2263 3930 ὃ(
2320 3861 2583 3930 dicendi
2629 3863 2867 3931 ardore
2910 3857 3097 3930 eram
3150 3867 3413 3952 propior
3456 3917 3483 3950 ,.
3548 3866 3621 3934 &
3674 3881 3867 3933 aetate·
3929 3883 4085 3959 con-

1129 3963 1464 4043 iunstior‘..
1510 3965 1780 4032 Etenim
1829 3962 2126 4030 videram
2171 3966 2249 4038 in
2296 3963 2501 4030 isdem
2552 3963 2769 4030 causis
2800 4017 2829 4049 ,
2890 3981 2966 4029 ut
3011 3985 3137 4052 pro
3181 3966 3283 4028 M.
3330 3965 3673 4044 Canuleio
3704 4017 3729 4051 ‚
3788 3986 3911 4052 pro
3954 3969 4087 4030 Cn.

1125 4065 1478 4134 Dolabella
1531 4066 1904 4150 consulari,
1951 4085 2117 4134 cum
2161 4068 2359 4138 Cotta
2411 4065 2719 4154 princeps·
2764 4063 3101 4132 adhibitus
3142 4065 3349 4149 esset,
3386 4069 3647 4154 priores-
3682 4082 3888 4134 tamen
3918 4083 4077 4151 age·-

1123 4189 1194 4235 re
1247 4188 1472 4258 partes.
1517 4168 1944 4242 Hortensium
1965 4214 1992 4231 ..
2037 4171 2289 4234 Acrem
2334 4169 2527 4234 eninr.
2568 4184 2903 4236 oratorem
2940 4219 2967 4252 ,
3010 4166 3355 4236 incensum
3400 4217 3432 4252 ,
3472 4169 3546 4255 <St
3601 4181 3951 4258 agentem,
4002 4168 4078 4237 &-

1119 4291 1492 4357 canorum,
1544 4269 1906 4339 concursus
1957 4269 2312 4338 hominum
2334 4321 2364 4355 ‚‚
2407 4269 2669 4358 forique
2716 4269 3031 4360 strepitus
3072 4267 3437 4344 desiderat.

1229 4375 1470 4440 Unum·
1520 4373 1734 4461 igitur
1777 4393 2084 4458 annum,
2132 4393 2295 4440 cum
2345 4371 2755 4440 rediissemus·
2796 4394 2881 4440 ex
2930 4371 3139 4456 Asta,
3180 4369 3417 4439 causas
3460 4371 3718 4442 nobiles·
3756 4375 4031 4461 egimus
4060 4421 4092 4456 ,

1117 4493 1286 4540 eum·
1334 4474 1735 4561 quaesturam
1782 4495 1902 4542 nos
1952 4527 1983 4560 ,.
2041 4473 2481 4543 consulatum
2524 4479 2725 4540 Cotta
2758 4528 2791 4560 ,
2846 4473 3237 4541 aedilitatem
3301 4489 3542 4562 peteret
3614 4472 4008 4542 Hortensius
4056 4516 4077 4538 .

1127 4574 1412 4640 Interim
1463 4595 1573 4641 me
1619 4575 2004 4664 quaestorem
2051 4576 2411 4646 Siciliensis.
2451 4581 2715 4664 excepit·
2759 4595 3024 4644 annus:
3070 4579 3263 4641 Cotta·
3309 4596 3395 4641 ex
3435 4573 3791 4644 consulatu
3835 4572 4085 4663 estpro·

1123 4673 1343 4744 fflus
1389 4677 1464 4742 in
1513 4677 1816 4744 Gal-liam
1849 4700 1874 4740 ,τ
1947 4679 2248 4766 princeps
2304 4679 2377 4744 δι
2449 4693 2595 4742 erat
2660 4679 2731 4746 &
2786 4674 3155 4744 habebatur
3200 4675 3659 4744 HortensiuS.
3722 4682 3904 4744 Cum
3974 4696 4093 4741 au·

1123 4791 1257 4844 tem
1313 4797 1497 4844 anno
1543 4776 1678 4866 post
1729 4798 1768 4846 e
1817 4780 2040 4866 Sicilia·
2087 4799 2197 4846 me
2248 4777 2625 4865 recepissem
2656 4832 2681 4864 ,
2750 4777 2885 4855 jam
2938 4775 3281 4849 videbatur
3323 4775 3498 4848 illud¹
3542 4780 3613 4847 in
3680 4797 3791 4846 me
3828 4829 3860 4866 ,
3904 4775 4080 4866 quid·

1125 4880 1282 4966 qnid
1331 4881 1532 4966 esset*
1573 4882 1692 4951 esse
1741 4881 2108 4970 perfeaum·
2143 4933 2174 4964 ,
2216 4881 2287 4950 δε
2343 4876 2589 4949 habere·
2630 4883 3084 4954 maturitatem
3128 4879 3477 4971 quandam
3540 4882 3731 4958 suam
3776 4882 3819 4964 q
3868 4878 4084 4948 Nimis

1124 4983 1340 5052 multa
1393 4984 1622 5053 videor
1665 4985 1756 5050 de
1795 5002 1964 5069 me,
2001 4979 2128 5070 ipse
2177 4979 2548 5069 praesertim
2575 5006 2617 5048 a*
2680 4980 2797 5051 sed
2858 4985 3049 5064 omni·
3116 4982 3277 5052 huic
3324 4981 3615 5074 sermoni.
3678 4981 4088 5148 PfQBOgmn?

2565 5093 2568 5096 .
3846 5103 3887 5148 e
3962 5135 3993 5167 '
