4359 6321
1274 482 1451 575 252
1952 444 2188 537 DE
2313 438 3273 533 ORATORE

1139 597 1344 668 eques
1398 578 1742 641 Romanus
1788 592 1807 633 z
1882 586 2039 655 puer
2094 565 2385 649 didicit,
2449 563 2626 652 quod
2679 560 3066 631 discendum
3108 612 3123 629 .
3199 558 3448 629 Eadem
3501 559 3672 630 ratio
3737 557 3834 627 est
3900 562 4154 639 harum

1144 682 1394 751 artium
1449 675 1939 740 maximarum.
1994 667 2149 733 Dies
2201 670 2274 735 δε
2331 662 2549 731 nostes
2613 666 2836 732 virum
2889 663 3149 732 summa
3203 664 3446 732 virtute
3505 665 3576 733 δε
3630 659 3990 753 prudentia
4045 671 4155 739 vi-

1140 780 1458 849 debamus
1500 828 1521 861 ‚
1589 770 1970 861 philosopho
2021 790 2184 839 cum
2237 786 2502 856 operam
2549 764 2732 832 daret
2771 818 2792 853 ‚
2863 766 3450 850 QTuberonem:
3525 782 3593 834 at
3645 764 3790 840 ejus
3843 784 4158 840 avuncu-

1148 885 1297 954 lum
1352 883 1461 946 vix
1519 873 1920 963 intelligeres
1975 872 2037 937 id
2094 888 2330 960 agere,
2379 887 2537 938 cum
2590 884 2813 955 ageret
2865 883 3086 933 tamen
3127 918 3148 951 ,
3200 865 3641 933 Africanum.
3697 860 3822 931 Ista
3873 866 4156 941 discun-

1148 1004 1263 1050 tur
1317 980 1507 1048 facile
1545 1030 1567 1064 ,
1638 974 1685 1041 si
1740 977 1809 1044 &
1868 989 2130 1041 tantum
2189 970 2410 1059 sumas
2449 1022 2468 1055 ‚
2540 985 2867 1057 quantum
2919 989 3089 1053 opus
3142 966 3217 1034 fit
3255 1020 3272 1049 ,
3325 968 3395 1037 δε
3450 966 3691 1036 habeas
3739 968 3852 1057 qui
3905 970 4150 1043 docere

1150 1082 1441 1156 fideliter
1493 1076 1720 1169 poffit,
1768 1079 1849 1150 δε,
1899 1075 2060 1142 icias
2106 1074 2311 1142 etiam
2362 1069 2494 1158 ipse
2542 1068 2789 1136 discere
2818 1115 2836 1136 .
2885 1067 3013 1135 Sed
3061 1068 3108 1135 fi
3160 1081 3298 1135 tota
3351 1066 3490 1137 vita
3546 1068 3711 1137 nihil
3757 1071 3925 1139 velis
3965 1074 4154 1147 aliud

1150 1202 1347 1273 agere
1390 1233 1410 1266 ,
1480 1180 1615 1269 ipsa
1668 1174 1969 1243 uastatio
2033 1177 2103 1244 δε
2162 1169 2422 1264 quaestio
2471 1168 2760 1257 quotidie
2825 1189 2911 1236 ex
2972 1167 3033 1234 se
3087 1170 3304 1257 gignit
3357 1169 3606 1259 aliquid
3647 1222 3670 1255 ,
3740 1171 3916 1259 quod
3985 1198 4153 1245 cum

1148 1280 1463 1352 desidiosa
1515 1276 1940 1346 delestatione
1994 1272 2273 1363 vestiges
2311 1318 2327 1335 .
2401 1273 2504 1334 Ita
2557 1266 2630 1333 fit
2685 1321 2706 1352 ,
2775 1286 2848 1336 ut
2903 1271 3261 1357 agitatione
3311 1288 3534 1337 rerum
3592 1270 3669 1337 fit
3721 1271 3986 1341 infinita
4039 1301 4156 1347 co-

1150 1386 1365 1475 gnitio
1402 1436 1423 1469 ,
1478 1380 1688 1449 facilis
1740 1377 1899 1446 usus
1952 1375 2318 1441 dostrinam
2367 1369 2761 1454 confirmet,
2813 1371 3158 1437 mediocris
3211 1392 3398 1459 opera
3449 1368 3780 1442 tribuatur
3819 1424 3842 1459 ,
3897 1396 4152 1446 memo-

1151 1488 1251 1555 ria
1306 1482 1717 1569 studiumque
1770 1492 2147 1563 permaneat
2189 1523 2206 1541 .
2281 1471 2468 1537 Libet
2519 1490 2746 1537 autem
2801 1470 3048 1559 semper
3101 1470 3352 1539 discere
3391 1524 3412 1557 ‚
3482 1488 3557 1541 ut
3633 1474 3678 1541 fi
3739 1474 3948 1543 velim
4019 1503 4148 1571 ego

1150 1587 1301 1654 talis
1352 1584 1595 1672 optime
1651 1576 1883 1643 ludere
1922 1628 1943 1660 ‚
2016 1590 2130 1643 aut
2181 1574 2328 1662 pilae
2380 1571 2596 1639 studio
2652 1590 2873 1641 tenear
2909 1627 2932 1659 ,
2995 1574 3196 1641 etiam
3267 1572 3523 1641 fortaffe
3577 1574 3624 1641 fi
3693 1575 3932 1666 assequi
4011 1606 4146 1651 non

1148 1684 1375 1776 possim
1415 1728 1431 1746 .
1494 1683 1577 1745 At
1623 1676 1781 1762 alii,
1829 1678 1985 1765 quia
2032 1679 2348 1765 praeclare
2403 1673 2693 1761 faciunt,
2763 1676 3258 1761 vehementius,
3305 1696 3508 1765 quam
3561 1674 3761 1743 causa
3815 1678 4094 1767 postulat
4131 1736 4153 1769 ,

1144 1782 1560 1855 delestantur
1598 1805 1619 1867 ;
1666 1793 1743 1847 ut
1792 1778 2015 1847 Titius
2066 1780 2194 1868 pila
2237 1830 2258 1865 ,
2309 1775 2542 1842 Brulla
2594 1777 2738 1843 talis
2775 1824 2791 1842 .
2847 1782 3072 1861 Quare
3125 1776 3288 1843 nihil
3335 1778 3431 1843 est
3486 1828 3508 1861 ,
3557 1780 3739 1867 quod
3791 1779 4148 1870 quisquam

1150 1883 1683 1975 magnitudinem
1734 1880 1977 1948 artium
2028 1901 2115 1949 ex
2168 1900 2290 1965 eo,
2339 1876 2518 1968 quod
2574 1875 2753 1944 senes
2801 1878 3104 1970 discunt,
3153 1876 3603 1965 pertimescat.
3659 1880 3964 1972 Namque
4021 1902 4145 1952 aut

1152 1986 1337 2055 senes
1410 1982 1491 2050 ad
1556 2004 1667 2049 eas
1720 1984 2176 2069 accefferunt3
2247 1996 2359 2049 aut
2411 1975 2614 2068 usque
2665 1980 2749 2044 ad
2801 1977 3202 2047 seneEtutem
3272 1981 3341 2048 in
3400 1978 3628 2051 studiis
3701 1980 4082 2051 detinentur
4125 2040 4148 2071 ,

1154 2086 1311 2153 sunt
1362 2083 1742 2152 tardiffimi.
1798 2088 1931 2151 Res
1980 2082 2253 2173 quidelm
2305 2078 2371 2147 se
2423 2099 2570 2146 mea
2623 2077 2940 2148 sententia
2995 2080 3080 2147 fic
3105 2077 3336 2164 habet,
3393 2096 3508 2167 ut,
3563 2081 3678 2149 nili
3729 2081 3910 2171 quod
3967 2086 4142 2175 quis·

1154 2208 1286 2279 que
1335 2185 1465 2253 cito
1516 2184 1841 2274 potuerit,
1894 2204 2241 2275 nunquam
2291 2181 2566 2249 omnino
2614 2180 3240 2269 poffitperdiscere.

1260 2290 1517 2355 XXIV.
1571 2288 1768 2371 Jam,
1817 2285 1996 2372 jam,
2048 2285 2260 2375 inquit
2309 2281 2628 2369 CatuluS,
2679 2282 3028 2372 intelligo,
3076 2282 3332 2370 craffe,
3383 2282 3538 2373 quid
3588 2284 3799 2368 dicim,
3852 2286 3922 2355 δε
3981 2284 4140 2353 her-

1148 2388 1307 2461 cule
1360 2384 1695 2453 assentior.
1746 2388 1919 2453 Satis
1971 2387 2157 2455 video
2207 2382 2321 2453 tibi
2371 2383 2623 2451 homini
2675 2383 2758 2451 ad
2805 2383 3306 2473 perdiscendum
3357 2386 3714 2470 acerrime,
3763 2384 3850 2451 ad
3889 2406 3972 2453 ea
4025 2408 4146 2455 co-

1153 2484 1570 2577 gnoscenda,
1622 2507 1762 2573 quae
1810 2484 2013 2574 dicis,
2066 2486 2246 2555 fuiffe
2295 2486 2640 2574 temporis.

1262 2584 1611 2674 Pergisne,
1660 2586 1871 2673 inquit
1916 2590 2216 2672 Crassus,
2272 2606 2422 2673 me,
2471 2608 2614 2675 quae
2663 2586 2879 2655 dicam
2911 2640 2928 2672 ,
2985 2586 3066 2655 de
3121 2609 3268 2673 me,
3315 2609 3440 2655 non
3491 2586 3575 2653 de
3631 2604 3704 2653 re
3759 2600 4001 2675 putare
4049 2588 4146 2655 di-

1152 2686 1367 2754 cere?
1422 2686 1551 2755 Sed
1601 2687 1734 2763 jam
1774 2735 1795 2770 ,
1848 2682 1897 2751 fi
1948 2686 2163 2773 placet
2201 2739 2223 2773 ,
2271 2686 2357 2753 ad
2411 2687 2699 2755 instituta
2750 2688 3093 2757 redeamus
3129 2738 3151 2755 .
3205 2691 3374 2755 Mihi
3427 2708 3588 2755 vei-o
3619 2737 3640 2769 ,
3703 2689 3994 2783 Catulus
4051 2692 4148 2756 in·

1152 2788 1343 2876 quit,
1394 2786 1647 2875 placet.

1262 2892 1448 2955 Tum
1497 2887 1796 2975 Crass‘us,
1844 2884 2182 2972 Quorsum
2234 2887 2436 2976 igitur
2489 2888 2626 2957 haec
2680 2888 2916 2980 speetu
2962 2944 2982 2976 ,
3028 2892 3242 2981 inquit
3281 2944 3302 2977 ,
3352 2907 3492 2958 tam
3547 2891 3806 2981 longa,
3865 2907 4004 2957 tam
4053 2892 4142 2958 al-

1152 3002 1223 3057 te
1274 2988 1544 3076 repetita
1593 2990 1843 3056 oratio?
1899 2993 2021 3057 Hae
2073 2989 2214 3057 duce
2269 3006 2523 3077 partes,
2573 3014 2714 3081 qua:
2767 2991 2932 3061 mihi
2989 2991 3325 3081 supersunt
3379 3046 3401 3078 ,
3454 2992 3868 3069 illustrandae
3921 2995 4143 3060 oratio-

1158 3088 1267 3157 nis
1300 3140 1321 3175 ,
1375 3110 1452 3156 ac
1500 3092 1705 3158 totius
1762 3091 2151 3181 eloquentia:
2205 3092 2621 3159 cumulandae
2659 3144 2679 3178 ‚
2731 3114 3018 3187 quarum
3069 3096 3277 3164 altera
3327 3092 3450 3162 dici
3506 3094 3798 3183 postulat
3847 3111 4074 3162 ornate
4127 3148 4146 3180 ,

1155 3189 1363 3258 >altera
1416 3205 1604 3276 apte,
1648 3193 1823 3260 hanc
1874 3191 2113 3262 habent
2164 3195 2347 3280 vim,
2395 3210 2470 3262 ut
2523 3195 2596 3261 sit
2648 3217 2850 3286 quam
2907 3197 3204 3264 maxime
3253 3198 3549 3276 jucunda
3593 3249 3616 3284 ,
3669 3218 3878 3288 quam
3935 3201 4146 3264 maxi-

1156 3311 1268 3357 me
1320 3293 1387 3360 in
1442 3290 1665 3361 sensus
1716 3313 1952 3360 eorum
1998 3349 2019 3381 ‚
2088 3297 2207 3387 qui
2257 3297 2534 3364 audiunt
2565 3349 2590 3383 ,
2665 3295 2901 3364 influat
2941 3351 2962 3383 ,
3035 3301 3104 3368 &
3158 3317 3362 3387 quam
3415 3300 3727 3388 plurimis
3805 3299 3878 3366 fit
3949 3297 4145 3367 rebus

1154 3390 1509 3462 iustrueta.
1564 3393 2097 3466 lustramentum
2146 3415 2372 3468 autem
2419 3397 2548 3468 hoc
2603 3396 2861 3470 forense
2899 3449 2924 3486 ,
2975 3399 3340 3491 litigiosum
3381 3453 3407 3487 ‚
3455 3421 3602 3468 acre
3641 3453 3660 3486 ,
3713 3399 4000 3468 trattum
4055 3422 4162 3472 ex.

3876 3499 4032 3566 vul-

1158 3713 4124 3772 ω-

1156 3883 1582 3968 Samnitiumque
1618 3891 1849 3974 nomine
1870 3895 2182 3969 appellasse.
2221 3900 2316 3960 Ad
2350 3921 2484 3976 quos
2519 3906 2600 3964 al·
2701 3905 2804 3964 tim
2841 3903 3068 3979 gentisis
3127 3925 3228 3964 nec
3263 3923 3404 3978 aptae
3440 3901 3730 3961 admodum
3781 3903 3850 3960 ad
3887 3903 4140 3975 eloquen-

1152 3954 1329 4040 lufilie
1384 3959 1649 4018 Lucilium
1690 3970 1873 4024 etiam*
1914 3986 2026 4026 vox
2073 4011 2091 4036 ,
2140 3989 2261 4043 quae
2298 3971 2540 4047 sequitur
2580 4017 2600 4043 ,
2698 3979 2867 4036 tiam.
2921 3978 3070 4050 Quid
3107 3979 3251 4048 quod
3291 3975 3500 4048 Lipsius
3563 3974 3653 4031 lib.
3703 3995 3746 4029 i.
3787 3976 4130 4034 Saturnalium

1154 4028 1419 4095 mdtbm,
1456 4031 1647 4106 Frobzlt
1686 4057 1700 4092 τ
1756 4035 1867 4117 hoc
1904 4039 2053 4097 enim
2088 4043 2466 4112 gladiatorium
2507 4047 2598 4104 in-
2705 4069 2790 4120 ις.
2829 4049 2936 4107 hoc
2989 4049 3057 4106 de
3093 4048 3402 4120 gladiatorii
3463 4047 3580 4105 ludi
3621 4047 3878 4116 magistro
3907 4047 4121 4115 accipit?

1152 4097 1542 4180 strumentum,
1584 4109 1641 4162 ὅ(
1676 4109 1895 4180 quidem
1912 4110 2150 4184 duplex.-
2193 4131 2316 4172 nam
2349 4117 2450 4174 alia
2487 4116 2592 4177 fuit
2697 4120 2865 4196 Quod
2899 4140 3076 4179 autem
3111 4125 3471 4178 commentari
3504 4118 3718 4175 dicatur
3749 4161 3764 4183 ,
3789 4118 3912 4174 bene
3944 4113 4121 4192 obser-

1152 4167 1304 4247 *Ἠὼς
1353 4171 1661 4232 lamnarum
1712 4181 1937 4252 propria
1974 4222 1991 4247 ,
2040 4183 2226 4244 ferulae
2281 4187 2476 4246 instar:
2521 4189 2594 4246 ita
2699 4211 2789 4250 vat
2828 4192 3189 4264 gladiatorum
3223 4191 3500 4259 magistros
3537 4193 3702 4247 etiam
3747 4187 3998 4246 interdum
4035 4185 4127 4241 di-

1150 4259 1303 4320 enim
1352 4243 1665 4371 gffpellatur·
1690 4270 1708 4306 .·
1761 4269 1861 4322 qua
1899 4251 2238 4315 donabantur
2275 4259 2594 4329 gladiatores
2694 4265 2828 4322 &ata
2865 4263 2992 4321 dare
3029 4263 3256 4322 solitos.
3291 4262 3809 4338 UndeJuvenalis,
3841 4261 3944 4320 Set.
3968 4279 4054 4316 xi·
4077 4267 4133 4316 8·

1148 4328 1243 4384 qui
1294 4331 1365 4370 mi
1416 4335 1599 4374 ionem
1650 4326 2010 4394 impetrabant
2040 4365 2059 4382 .
2110 4327 2240 4386 Alia
2299 4329 2400 4388 fuit
2453 4331 2594 4390 tiro-

1147 4403 1281 4442 num
1304 4426 1322 4451 ι
1375 4407 1433 4444 iu
1468 4383 1655 4450 ensem
1694 4394 1939 4476 ligneum
1976 4395 2237 4462 formatas
2276 4419 2385 4474 quo
2420 4423 2592 4474 gene-
2836 4411 3145 4480 Scripturas
3181 4408 3323 4479 leges
3359 4406 3432 4474 ό·
3465 4411 3622 4479 regia
3657 4405 3838 4466 verba
3873 4403 4112 4476 lanista.

1146 4475 1209 4512 re
1258 4459 1646 4545 exercebantur
1682 4483 1894 4528 tirones
1924 4491 1947 4536 ,-
2000 4486 2117 4528 non
2149 4471 2468 4542 gladiatores
2503 4473 2592 4534 so·-

1142 4526 1289 4594 lum,
1332 4548 1717 4612 verumetiam
1752 4540 1953 4599 milites
1976 4559 1999 4605 3
2042 4543 2188 4614 quod
2225 4544 2451 4604 batuere
2484 4567 2588 4604 vo-
2691 4551 2896 4608 Verum
2933 4551 3064 4624 quid
3103 4549 3450 4623 sequentibus
3487 4549 3672 4610 verbis
3713 4549 3965 4609 faciemus
4009 4571 4024 4605 τ
4055 4545 4156 4626 sed

1142 4598 1365 4656 cabant.
1406 4603 1547 4659 Dixi
1586 4601 1807 4684 sensum
1844 4611 1994 4692 hunc
2034 4613 2254 4672 videi-i.-
2295 4635 2585 4691 propterea
2682 4623 2812 4693 plus
2867 4635 3017 4696 opera
3063 4624 3184 4696 foro
3235 4622 3524 4683 tribuebat
3563 4664 3580 4690 ‚
3637 4622 3758 4692 όιτ.
3821 4625 3952 4682 Hoc
4003 4639 4154 4678 emm

1140 4667 1291 4748 quod
1329 4671 1507 4751 nullus
1542 4674 1673 4734 alius
1710 4684 2053 4761 commodior
2090 4687 2330 4743 occurrit
2363 4727 2380 4742 .
2417 4691 2580 4748 Alio·
2688 4711 2965 4752 oratorem
3021 4701 3077 4754 δι
3129 4701 3414 4755 rhetorem
3465 4692 3708 4766 spestare
3751 4695 3979 4754 videtui·
4002 4732 4016 4749 .
4057 4697 4155 4749 An

1184 4758 1239 4794 ui
1290 4740 1599 4821 magistrum
1632 4749 1955 4810 Samnitium
2005 4753 2073 4809 de
2124 4754 2418 4814 rhetoricae
2455 4779 2587 4832 pro-
2690 4763 2836 4821 idem
2873 4767 2968 4824 ille
3004 4767 3360 4839 gladiatorum
3399 4766 3646 4838 magister
3701 4768 3764 4826 in
3807 4766 3932 4825 soro
3970 4763 4162 4820 verta-

1166 4807 1335 4889 essere
1368 4831 1477 4893 acci
1508 4833 1640 4894 ‘ei-e,
1678 4823 2133 4891 quemadmodum
2148 4826 2448 4906 Streliaeus,
2481 4849 2586 4889 ne·
2687 4835 2878 4895 batur?
2917 4839 3107 4911 plane,
3147 4859 3236 4898 aut
3277 4839 3347 4897 ita
3385 4837 3682 4898 dicendum
3717 4883 3734 4907 ,
3777 4859 3869 4897 aut
3925 4837 4164 4896 critico-

1136 4879 1257 4960 scqo
1304 4902 1375 4942 an
1410 4903 1459 4944 ri
1502 4887 1703 4971 iculum
1738 4889 1846 4950 sit:
1898 4895 2045 4974 feste
2098 4915 2234 4977 iio-n·
2269 4915 2345 4955 ita
2379 4901 2586 4961 diceret
2689 4925 2810 4965 rum
2861 4911 3138 4969 communi
3193 4911 3502 4970 causatione
3540 4911 3812 4971 utendum
3841 4953 3857 4978 ,
3915 4911 4160 4968 luxatum

1146 4949 1397 5031 Cicero:
1477 4956 1570 5016 uid
1606 4979 1755 5021 enim
1790 4981 1973 5036 potius
2008 4969 2328 5050 Samnitium
2365 5012 2383 5038 ‚
2430 4991 2588 5046 quam
2687 4980 3013 5041 mutilumve
3041 5025 3060 5050 ‚
3109 5001 3200 5041 aut
3253 4985 3569 5044 translatum
3623 5005 3694 5044 ex
3749 4985 3942 5042 alieno
3979 4982 4162 5040 locum

1132 5021 1377 5092 &mrum
1500 5031 1619 5096 &or
1674 5038 1981 5110 appelletur
2004 5049 2033 5097 3
2071 5037 2320 5102 homdae
2347 5043 2588 5119 praeser-
2695 5047 2843 5113 hunc
2877 5053 3016 5115 efle-
3057 5061 3368 5116 Petu-vim.
