4359 6321
2911 71 2981 97 4

752 403 1375 497 tressa
1497 388 2444 527 TERTIUS.
2882 449 2994 539 27

226 540 461 623 incipite
494 579 517 614 ‚
594 533 995 613 comprimite
1040 548 1059 589 ι
1133 540 1247 592 aut
1297 544 1337 591 a
1388 521 1697 592 brevibus
1753 522 2061 615 deinceps
2110 528 2322 599 tribus
2356 580 2380 617 ‚
2443 546 2748 602 extrema
2817 454 3136 627 produ{ta
3183 595 3210 631 ,

222 654 393 726 atque
442 631 649 718 longa
687 680 711 713 ,
777 626 937 693 ficut
990 625 1112 692 ina
1168 628 1315 691 sunt
1358 674 1381 709 ‚
1449 626 1825 692 domuerant
1869 678 1890 712 ,
1938 626 2274 715 sonipedes
2306 679 2324 698 .
2388 632 2613 725 Atque
2659 634 2762 705 illi
2813 637 3194 731 philosopho

218 736 393 807 ordiri
446 731 661 821 placet
706 746 745 792 a
798 725 1123 813 superiore
1174 744 1399 814 paeone
1436 775 1457 809 ,
1528 724 1873 810 posteriore
1926 727 2121 796 finire
2158 775 2177 795 .
2251 729 2362 798 Est
2415 752 2642 806 autem
2693 760 2872 827 paeon
2923 741 3034 812 hic
3083 762 3198 831 po-

216 835 417 906 sterior
470 854 603 899 non
662 826 1073 912 syllabarum
1126 844 1449 910 numero,
1500 822 1609 891 sed
1661 825 1927 897 aurium
1979 827 2292 901 mensura
2330 884 2352 918 ,
2405 846 2496 923 (a
2520 846 2552 919 )
2602 841 2779 928 quod
2833 842 2924 911 est
2975 844 3194 911 acrius

215 936 515 1019 judicium
572 932 643 1001 δι
696 930 944 998 certius
983 978 1007 1014 ,
1078 946 1229 1015 pars
1284 925 1425 992 fere
1470 927 1733 993 Cretico
1774 980 1794 1013 ,
1860 928 1977 1017 qui
2026 926 2119 996 est
2183 950 2269 996 ex
2323 930 2528 1022 longa
2563 956 2612 1022 ,·
2663 942 2734 1009 δι
2807 941 2985 1014 brevi
3020 995 3050 1033 „
3115 944 3196 1015 δε

220 1039 329 1117 lon
380 1056 451 1105 a·
504 1048 623 1119 ut,
2683 1038 2738 1061 ⁶·
3203 1032 3210 1038 ’

330 1058 375 1126 g
434 1086 457 1124 ⁹
597 1130 777 1219 ,Quid
820 1146 1043 1217 petam
1086 1124 1375 1213 praefidii
1394 1177 1418 1210 ,
1472 1144 1587 1194 aut
1634 1126 1943 1215 exsequar
1964 1130 2001 1193 ?
2052 1150 2255 1215 quove
2305 1152 2470 1200 nunc
2495 1136 2534 1199 ,ἲ

212 1242 271 1305 A
318 1255 453 1327 quo
504 1251 782 1301 numero
830 1227 1107 1296 exorsus
1156 1226 1250 1294 est
1298 1227 1643 1313 Fannius,
1693 1235 1808 1314 si,
1860 1234 2207 1316 Quirites,
2257 1241 2476 1300 minas
2530 1233 2758 1307 illius.
2825 1242 3034 1309 Hunc
3079 1238 3202 1309 ille

214 1336 525 1409 clausulis
577 1332 895 1419 aptiorem
947 1345 1173 1419 putat,
1230 1344 1401 1419 quas
1450 1329 1598 1396 vult
1650 1328 1854 1420 longa
1906 1329 2297 1419 plerumque
2350 1332 2604 1416 syllaba
2653 1340 3048 1409 terminari.

305 1438 627 1509 valu.
698 1436 929 1521 Neque
958 1448 1139 1497 -vero
1202 1429 1341 1499 haec
1422 1444 1561 1497 tam
1610 1448 1830 1498 acrem
1878 1450 2115 1498 curam
2164 1430 2712 1525 diligentiamque
2755 1439 3124 1509 defiderant
3167 1492 3192 1527 ‚

208 1560 409 1631 quam
459 1534 553 1605 est
606 1532 723 1601 illa
772 1548 1155 1622 poetarum.-
1210 1550 1375 1622 quos
1424 1531 1761 1600 neceffitas
1807 1531 2037 1621 cogit,
2090 1532 2161 1601 δε
2218 1531 2341 1619 ips»
2387 1539 2648 1602 numeri
2702 1556 2781 1604 ac
2830 1540 3060 1625 modi,
3111 1538 3200 1611 fic

209 1638 409 1709 verba
460 1632 656 1705 versu
708 1633 1043 1701 includere
1085 1684 1105 1718 ,
1176 1648 1251 1703 ut
1304 1632 1469 1699 nihil
1526 1632 1599 1699 fit
1636 1686 1659 1719 ,
1709 1653 1793 1701 ne
1845 1632 2076 1721 spiritu‘
2128 1634 2401 1723 quidem
2459 1637 2746 1703 minimo
2784 1688 2812 1723 ,
2857 1636 3122 1709 brevius
3175 1692 3202 1730 ‚

209 1756 324 1807 aut
375 1737 645 1826 longius
679 1786 702 1820 ‚
771 1753 977 1825 quam
1031 1732 1273 1800 neceffe
1320 1730 1413 1801 est
1450 1778 1467 1797 .
1519 1732 1823 1802 Liberior
1870 1731 1969 1801 est
2016 1734 2232 1802 oratio
2267 1788 2290 1822 ‚
2341 1736 2414 1805 δι
2470 1737 2666 1825 plane
2697 1790 2720 1824 ,
2773 1754 2849 1806 ut
2896 1738 3143 1810 dicitur
3183 1792 3207 1831 ,

206 1837 297 1909 fic
348 1841 423 1909 &
476 1838 567 1905 est
622 1855 775 1903 vere
824 1834 1036 1901 lbluta
1080 1858 1101 1921 3
1156 1854 1295 1900 non
1342 1846 1419 1900 ut
1474 1832 1687 1922 fugiat
1734 1848 2005 1919 tamen,
2052 1850 2167 1902 aut
2215 1850 2429 1923 erret,
2481 1836 2588 1906 sed
2639 1854 2719 1907 ut
2772 1837 2912 1907 fine
2963 1841 3203 1917 vincu-

210 1939 295 2009 lis
352 1936 463 2008 fibi
518 1934 651 2028 ipsa
700 1935 1071 2005 moderetur
1106 1980 1125 2000 .
1184 1936 1498 2023 Namque
1540 1952 1669 2025 ego
1717 1933 1881 2003 illud
1930 1933 2236 2002 affentior
2287 1935 2737 2027 Theophrasto
2780 1990 2804 2026 ,
2849 1941 2968 2031 qui
3003 1928 3206 2029 'putat

206 2044 577 2108 orationem
614 2088 635 2123 ,
684 2059 829 2127 quae
878 2035 1141 2125 quidem
1196 2032 1273 2100 fit
1325 2031 1526 2123 polita
1575 2050 1775 2126 atque
1828 2032 2002 2102 fasta
2052 2035 2536 2123 quodammodo
2586 2092 2609 2126 ,
2661 2058 2802 2107 non
2857 2038 3204 2131 adstriste,

215 2140 326 2209 sed
377 2137 698 2207 remiffius
748 2135 1175 2204 numerosam
1220 2134 1347 2202 effe
1396 2150 1699 2225 oportere
1734 2182 1754 2202 .
1830 2136 2091 2202 Etenim
2128 2188 2151 2225 ‚
2223 2138 2384 2207 ficut
2457 2139 2575 2206 ille
2628 2136 2996 2231 suspicatur
3033 2194 3058 2228 ‚
3104 2164 3196 2212 ex

203 2241 341 2311 illis
394 2238 613 2307 modis
646 2288 669 2322 ,
720 2234 961 2326 quibus
1008 2236 1119 2303 hic
1170 2235 1451 2307 ufitatus
1500 2236 1729 2305 versus
1774 2233 2063 2305 efficitur
2099 2287 2121 2323 ,
2188 2239 2326 2328 post
2376 2240 2736 2329 anapaestus
2791 2294 2814 2328 ,
2863 2244 3200 2330 procerior

210 2341 493 2434 quidam
543 2357 909 2423 numerus,
958 2335 1255 2405 effloruit
1296 2359 1315 2401 ε
1383 2337 1535 2403 inde
1588 2337 1701 2406 ille
1752 2337 2058 2404 licentior
2112 2340 2186 2407 δι
2239 2340 2508 2409 divitior
2567 2336 2766 2408 fiuxit
2815 2340 3201 2429 dithyram-

212 2443 379 2529 bus,
426 2441 621 2519 cuius
668 2434 1008 2526 membra,
1056 2440 1129 2509 dt
1188 2437 1429 2525 pedes,
1478 2454 1553 2505 ut
1603 2439 1696 2506 ait
1748 2436 1970 2523 idem,
2022 2434 2175 2507 sunt
2225 2442 2298 2507 in
2349 2440 2534 2509 omni
2586 2440 2903 2529 locupleti
2956 2447 3200 2513 oratio-

200 2566 293 2615 ne
342 2540 620 2611 diffusa.
674 2543 801 2626 Et,
849 2540 899 2607 st
951 2537 1379 2611 numerosum
1432 2536 1521 2606 est
1568 2539 1634 2605 id
1687 2540 1760 2607 in
1806 2536 2113 2608 omuibus
2164 2538 2342 2609 sonis
2391 2558 2589 2631 atque
2649 2539 2913 2610 vocibus
2952 2594 2975 2628 ,
3022 2542 3202 2634 quod

200 2642 401 2715 habet
450 2641 771 2733 quasdam
824 2638 1263 2729 impreffiones
1300 2694 1323 2729 ,
1375 2642 1447 2711 δε
1502 2641 1681 2730 qnod
1734 2640 1954 2707 metiri
2004 2642 2336 2728 poffumus
2385 2640 2758 2710 intervallis
2808 2642 3210 2734 aequalibus=

200 2744 381 2817 reste
430 2762 643 2834 genus
690 2743 815 2811 hoc
869 2757 1353 2828 numerorum,
1400 2740 1769 2811 dummodo
1814 2762 1899 2809 ne
1948 2746 2347 2813 continuum
2385 2741 2502 2829 fit,
2557 2744 2628 2810 in
2679 2745 3000 2813 orationis
3054 2747 3200 2815 lau-

200 2848 288 2916 de
338 2861 615 2936 ponetur
648 2890 667 2909 .
738 2847 919 2913 Nam
986 2841 1034 2911 fi
1086 2843 1267 2913 rudis
1335 2844 1407 2915 δε
1467 2842 1731 2914 indosta
1795 2843 2083 2931 putanda
2132 2846 2230 2913 est
2283 2842 2402 2911 illa
2469 2840 2604 2913 fine
2661 2845 3038 2917 intervallis
3087 2847 3191 2914 lo-

202 2950 499 3039 quacitas
550 2948 853 3035 perennis
904 2946 975 3015 δε
1033 2942 1375 3033 profluens
1413 2996 1437 3032 ,
1484 2947 1641 3036 quid
1691 2942 1782 3013 est
1832 2944 2015 3016 aliud
2062 2944 2280 3015 eausae
2318 2996 2344 3034 ,
2409 2966 2536 3014 cur
2587 2930 2966 3034 repuiietur
3005 3000 3030 3035 ‚
3076 2944 3206 3017 nisi

200 3050 389 3141 quod
442 3046 587 3133 (b)
636 3045 991 3121 hominum
1042 3064 1239 3113 aures
1292 3066 1525 3114 vocem
1580 3060 1823 3113 natura
1870 3046 2310 3117 modulantur
2360 3045 2554 3133 ipsa?
2603 3048 2784 3141 quod
2833 3046 3024 3136 fieri,
3073 3044 3203 3116 nisi

196 3148 743 3222 inest-numerus
797 3147 867 3210 in
918 3162 1122 3226 voce,
1172 3165 1309 3208 non
1360 3144 1597 3230 potest.
2172 3185 2179 3192 -

314 3250 657 3324 Numerus
708 3257 933 3310 autem
982 3241 1053 3308 in
1104 3241 1603 3311 continuatione
1658 3241 1889 3309 nullus
1937 3241 2069 3310 est.
2122 3241 2474 3310 Diffinffio
2521 3247 2597 3314 lt
2653 3245 3007 3331 aequalium
3055 3291 3080 3329 ,
3115 3237 3208 3313 ’δε

208 3347 377 3437 saepe
432 3347 772 3416 variorum
822 3340 1340 3425 intervallorum
1396 3339 1753 3433 permistio,
1807 3361 2170 3410 numerum
2217 3342 2542 3412 conficit:
2594 3362 2796 3432 quem
2845 3343 2916 3409 in
2968 3339 3216 3410 caden-

206 3445 392 3518 tibus
448 3449 653 3538 guttis
696 3498 718 3533 ‚
783 3444 959 3539 quod
1028 3443 1407 3513 intervallis
1476 3440 1979 3533 distinguuntur
2014 3494 2041 3529 ‚
2114 3458 2348 3512 notare
2417 3442 2810 3532 poffumus;
2878 3445 2949 3509 in
3025 3441 3216 3512 amni

204 3550 661 3640 praecipitante
704 3569 842 3640 non
898 3543 1229 3636 pofl‘umus
1267 3593 1285 3613 .
1348 3546 1547 3634 Quod
1600 3545 1646 3612 fi
1696 3543 2111 3613 continuatio
2160 3540 2524 3613 verborum
2572 3547 2710 3614 haec
2764 3542 2979 3610 soluta
3029 3541 3212 3614 mul·

206 3665 287 3718 to
335 3651 431 3718 est
480 3651 687 3738 aptior
737 3665 934 3739 atque
988 3646 1376 3734 iucundior,
1426 3646 1477 3714 fi
1524 3642 1619 3714 est
1668 3646 1969 3714 articulis
2017 3644 2466 3737 membrisque
2514 3643 2860 3731 distinsta,
2909 3661 3112 3734 quam
3163 3639 3220 3712 fi

206 3753 601 3841 continuata
651 3771 727 3820 ac
780 3747 1099 3839 producta
1133 3777 1157 3836 ς
1228 3750 1531 3816 membra
1578 3748 1702 3815 illa
1752 3746 2130 3817 modificata
2198 3745 2324 3814 effe
2373 3742 2701 3818 debebunt
2739 3773 2766 3834 ,-
2839 3767 2986 3836 quae
3037 3744 3086 3811 fi
3135 3745 3212 3811 in
3267 3801 3274 3808 .

198 3869 523 3922 extremo
572 3851 864 3934 breviora
921 3847 1069 3920 sunt
1109 3902 1132 3936 ,
1182 3849 1576 3938 infringitur
1624 3849 1739 3914 ille
1789 3847 1971 3938 quast
2032 3846 2388 3917 verborum
2443 3847 2728 3918 ambitus
2774 3893 2791 3913 .
2861 3847 2968 3916 Sic
3019 3846 3208 3915 enim

200 3953 341 4024 has
390 3954 711 4022 orationis
776 3950 1239 4038 conversiones
1288 3950 1509 4020 Graeci
1558 3951 1917 4016 nominant
1966 3996 1985 4018 .
2054 3953 2286 4037 Qare
2354 3967 2472 4018 aut
2540 3950 2724 4037 paria
2791 3946 2916 4016 effe
2979 3945 3216 4016 debent

210 4051 571 4144 posteriora
625 4051 1056 4144 superioribus
1077 4103 1102 4141 ,
1148 4069 1446 4124 extrema
1496 4051 1732 4140 primis
1765 4103 1789 4136 ,
1837 4067 1953 4120 aut
2004 4103 2029 4142 ,
2074 4051 2252 4144 quod
2301 4052 2506 4122 etiam
2551 4049 2644 4118 est
2693 4049 2934 4120 melius
2983 4048 3055 4119 δε
3115 4046 3222 4126 iu-

208 4153 509 4225 cundius
548 4207 575 4244 ,
619 4157 966 4246 longiora.

231 4328 239 4336 ,
322 4261 577 4342 XLIX.
630 4261 856 4352 Atque
902 4258 1042 4326 haec
1090 4255 1363 4348 quidem
1418 4253 1501 4322 ab
1548 4253 1629 4322 iis
1680 4251 2091 4343 philosophis
2136 4305 2160 4343 ‚
2227 4273 2404 4345 quos
2447 4269 2524 4323 tu
2581 4251 2880 4322 maxime
2928 4248 3161 4340 diligis
3193 4299 3220 4338 ,

210 4359 466 4428 Catule
503 4409 527 4445 ,
570 4357 740 4430 dista
792 4365 941 4430 sunt
977 4383 997 4426 z
1050 4359 1231 4450 quod
1284 4380 1373 4428 eo
1416 4356 1645 4446 sepius
1678 4353 2003 4428 testificor
2042 4405 2067 4444 ,
2130 4371 2207 4426 ut
2255 4351 2628 4425 austoribus
2677 4351 3026 4424 laudandis
3076 4350 3224 4420 iue-

210 4461 522 4552 ptiarum
572 4464 827 4533 crimen
878 4458 1199 4550 effugiam
1230 4509 1247 4538 ς

431 4565 605 4634 Tam.
654 4571 713 4632 1.
1570 4581 1577 4586 ·
2156 4556 2332 4626 Mm
2935 4553 3126 4640 Qua·
