4359 6321
1241 439 1428 575 368
2054 432 2286 525 DE
2410 420 3172 521 CLARIS

1114 584 1422 637 mearum
1475 559 1853 653 gesturum,
1900 572 2068 648 quas
2119 552 2239 619 ilie
2288 546 2781 631 admirabatur,
2837 542 3030 611 laude
3070 537 3528 619 coniunxerat
3566 580 3587 606 .
3638 534 3949 611 Maxime
3998 561 4129 612 ve-

1115 688 1197 738 ro
1243 664 1573 757 perspesta
1619 662 1715 730 est
1763 654 2108 745 utriusque
2161 649 2462 719 nostrum
2528 644 2917 716 exercitatio
2984 642 3189 733 paulo
3260 658 3413 707 ante
3450 692 3471 725 ,
3524 662 3727 729 quam
3804 644 4131 730 penei-ri..

1117 784 1264 837 tum
1319 768 1524 834 armis
1577 763 1704 830 hoc
1757 758 2047 830 studium
2087 807 2109 842 ,
2157 756 2361 824 Brute
2399 803 2420 835 ,
2470 747 2773 817 nostrum
2820 746 3147 815 conticuit
3201 742 3410 810 subito
3444 792 3467 825 ‚
3502 743 3611 814 ,δε
3692 742 4021 813 obmutust
4090 768 4122 809 ,-

1118 890 1279 941 cum
1333 867 1482 956 lege
1534 864 1850 953 Pompeia
1919 856 2120 927 ternis
2188 854 2369 922 horis
2419 848 2500 918 ad
2548 845 2903 921 dicendum
2971 844 3142 911 datis
3179 896 3200 929 ,
3269 844 3349 908 ad
3427 841 3659 911 causas
3740 843 4123 912 simillimas

1118 971 1292 1037 inter
1347 966 1412 1035 se
1460 1019 1483 1054 ‚
1535 966 1636 1032 vel
1692 966 1909 1053 potius
1957 956 2218 1028 easdem
2260 1006 2283 1041 ,
2352 954 2504 1020 novi
2578 948 3004 1016 veniebamus
3076 945 3367 1033 quotidie
3404 990 3421 1008 .
3498 944 3763 1030 Quibus
3831 948 4121 1035 quidem

1117 1068 1335 1139 causis
1383 1084 1456 1135 tu
1507 1068 1756 1151 etiam,
1807 1066 2048 1147 Brute,
2094 1053 2321 1145 praesto
2375 1050 2551 1122 fuisti
2592 1102 2612 1134 ,
2663 1045 3163 1135 compluresque
3222 1048 3291 1115 δε
3352 1044 3741 1133 nobiscum,
3792 1050 3865 1117 &
3926 1046 4116 1116 solus

1116 1168 1342 1259 egistiz
1397 1186 1471 1235 ut
1521 1168 1634 1256 qui
1692 1186 1824 1233 non
1881 1160 2032 1229 satis
2083 1158 2193 1225 diu
2251 1154 2485 1223 vixerit
2540 1150 2932 1223 Hortensius
2975 1202 2995 1229 ,
3050 1164 3274 1214 tamen
3328 1146 3508 1225 hunc
3556 1147 3831 1216 cursum
3880 1150 4117 1217 confe-

1115 1273 1314 1340 cerit.
1366 1270 1589 1336 Annis
1640 1283 1791 1335 ante
1841 1262 2072 1331 decem
2121 1254 2351 1326 causas
2404 1272 2597 1341 agere
2651 1252 2893 1337 coepit,
2946 1270 3147 1339 quam
3200 1266 3364 1315 tues
3416 1267 3650 1317 natus:
3709 1250 3889 1318 idem
3911 1272 4115 1341 quar-

1120 1388 1188 1438 to
1240 1372 1309 1439 &
1372 1368 1778 1457 sexagesimo
1835 1384 2051 1445 anno,
2099 1361 2444 1447 perpaucis
2502 1368 2652 1421 ante
2701 1369 2985 1433 mortem
3006 1352 3274 1436 diebus,
3322 1370 3459 1418 una
3507 1365 3734 1421 tecum
3786 1349 4102 1422 socerum

1122 1490 1317 1540 tuum
1371 1468 1646 1537 difendit
1705 1464 2038 1552 Appium.

1226 1568 1508 1639 Dicendi
1558 1585 1780 1633 autem
1835 1584 2089 1653 genus,
2140 1560 2321 1653 quod
2376 1558 2575 1633 suerit
2628 1556 2698 1629 in
2752 1572 3068 1645 utroque,
3119 1551 3447 1631 orationes
3495 1550 3837 1645 utriusque
3884 1552 4093 1625 etiam.

1124 1672 1403 1765 posteris
1461 1667 1688 1735 nostris
1739 1664 2154 1734 indicabunt.

1227 1775 1433 1843 XCV.
1489 1770 1653 1857 Sed,
1709 1770 1756 1838 fi
1810 1770 2209 1871 qimi-imus,
2258 1788 2379 1838 cur
2430 1764 2806 1835 adolescens
2858 1764 3075 1853 magis
3133 1758 3425 1836 floruerit
3474 1766 3754 1836 dicendo
3805 1820 3826 1855 ‚
3897 1784 4105 1858 quam

1127 1874 1336 1942 senior
1391 1873 1791 1941 Hortensius
1832 1902 1856 1963 ‚-
1909 1872 2136 1941 causas
2195 1870 2593 1960 reperiemus
2647 1868 2995 1933 veriffimae
3052 1866 3220 1933 duas
3256 1914 3275 1933 .
3336 1870 3637 1939 Primum
3684 1921 3707 1956 ‚
3758 1871 3939 1959 quod
3990 1888 4101 1956 ge·

1125 1997 1263 2045 nus·
1303 1992 1442 2041 erat
1493 1978 1804 2042 orationis
1854 1973 2231 2040 Astaticum
2268 2024 2288 2057 ,
2357 1967 2801 2037 adolescentiae
2872 1969 3527 2065 magissconceffum
3566 2022 3586 2057 ,
3651 1989 3858 2061 quam
3928 1968 4107 2036 sene·

1127 2076 1334 2147 Ruti.
1393 2079 1655 2143 Genera
1709 2092 1931 2143 autem
1988 2074 2281 2141 Asiatica:
2351 2070 2659 2139 difflonIs
2732 2072 2865 2139 duo
2918 2070 3066 2137 sunt
3100 2116 3119 2135 .
3194 2071 3425 2139 Unum
3494 2069 3979 2140 sententiosum
4032 2072 4105 2140 &-

1127 2194 1485 2268 argutum,
1542 2175 1878 2245 sententiis
1931 2197 2062 2242 non
2119 2194 2259 2241 tam
2314 2169 2624 2261 gravibus
2680 2174 2749 2239 &
2811 2170 3045 2239 severis
3082 2226 3101 2257 ,
3168 2192 3371 2261 quam
3436 2172 3779 2241 concinnis
3850 2173 3928 2241 δε
3994 2191 4114 2239 ve-

1125 2277 1330 2347 nustis
1364 2265 1654 2367 t'qualis
1704 2282 1772 2345 in
1821 2277 2086 2344 historia
2135 2280 2472 2359 TimaeuS,
2527 2277 2594 2340 in
2645 2273 2937 2341 dicendo
2988 2290 3210 2340 autem
3248 2324 3270 2358 ‚
3322 2279 3530 2361 pueris
3582 2272 3805 2359 nobis,
3856 2272 4113 2339 Hiero-

1125 2382 1262 2450 cles
1316 2379 1780 2465 Alabandeus,
1830 2379 2045 2467 magis
2093 2379 2293 2445 etiam
2346 2375 2721 2460 Menecles,
2776 2372 2979 2440 frater
3029 2374 3219 2462 eius,
3269 2373 3393 2445 fuit
3436 2394 3809 2468 3-quorum
3860 2367 4110 2440 utrius.

1123 2486 1282 2578 que-⁸
1325 2482 1664 2547 orationes
1723 2478 1872 2547 sunt
1924 2481 1990 2545 in
2046 2480 2338 2567 primis,
2410 2496 2483 2545 ut
2553 2475 2847 2542 Afiatico
2915 2477 2981 2545 in
3036 2496 3280 2563 genere
3318 2530 3340 2563 ,
3406 2477 3762 2547 laudabiles
3801 2523 3820 2540 .
3898 2472 4103 2541 Aliud

1048 2600 1056 2609 ·
1126 2599 1352 2651 autem
1403 2600 1614 2667 genus
1665 2579 1760 2647 est
1809 2602 1942 2647 non
2001 2594 2140 2645 tam
2193 2579 2527 2652 sententiis
2583 2575 3083 2667 frequentatum
3122 2626 3145 2661 ‚
3214 2598 3421 2669 quam
3478 2576 3690 2649 verbis
3766 2574 4033 2643 volucre
4078 2628 4101 2659 ,

1125 2699 1324 2771 atque
1375 2682 1725 2749 incitatum
1763 2706 1788 2769 3
1839 2680 2023 2771 quali
2071 2681 2164 2748 est
2220 2702 2399 2749 nunc
2452 2678 2605 2749 Afia
2665 2694 2800 2745 tota
2838 2702 2862 2764 ,-
2918 2698 3039 2746 nec
3096 2675 3379 2748 flumine
3430 2676 3647 2749 solum
3711 2678 4027 2745 orationis
4074 2730 4097 2760 ‚

1127 2781 1236 2850 sed
1281 2783 1491 2859 etiam
1539 2799 1864 2849 exornato
1901 2835 1921 2867 ,
1975 2784 2052 2850 δε·
2119 2782 2339 2849 faceto
2408 2800 2655 2868 genere
2706 2776 3061 2847 verborum
3100 2803 3149 2847 .·,
3198 2781 3270 2847 in
3321 2803 3458 2871 quo
3528 2782 3657 2850 fuit
3729 2778 4095 2863 AEl'chylus

1125 2882 1444 2969 enidius,
1498 2885 1568 2952 &
1627 2902 1815 2949 meus
1868 2881 2140 2971 aequalis
2195 2880 2498 2949 Milesius
2548 2879 2903 2949 AEschines
2948 2928 2965 2946 .
3041 2884 3123 2946 In
3172 2881 3255 2947 iis
3304 2901 3452 2951 erat
3506 2880 3909 2949 admirabilis
3952 2898 4101 2948 ota·

1126 2984 1322 3053 tionis
1376 2982 1652 3067 cursus,
1700 2996 1940 3049 ornata
1992 2980 2477 3049 sententiarum
2527 2982 2933 3051 concinnitas
3006 3004 3143 3049 non
3191 3001 3331 3049 erat
3372 3030 3391 3050 .
3446 2986 3613 3053 Haec
3670 2998 3901 3051 autem
3946 2992 3972 3069 (
4024 2998 4099 3049 ut

1123 3082 1317 3172 disx‘i)
1371 3104 1615 3174 genera
1662 3084 1924 3151 dicendi
1975 3084 2229 3172 aptiora
2284 3081 2433 3152 sunt
2484 3081 3038 3153 adolescentibus:
3090 3087 3158 3153 in
3214 3079 3464 3152 senibus
3512 3085 3913 3175 gravitatem
3958 3104 4095 3150 non

1126 3184 1405 3253 habent.
1462 3189 1692 3274 Itaque
1745 3186 2136 3256 Hortensius
2190 3202 2473 3277 utroque
2524 3207 2765 3276 genere
2836 3185 3087 3254 florens
3126 3237 3149 3270 ‚
3214 3185 3541 3256 clamores
3612 3184 3889 3256 faciebat
3952 3182 4101 3252 ado·

1127 3285 1419 3356 lescens.
1465 3285 1771 3354 Habebat
1818 3287 2004 3355 enim
2077 3291 2148 3358 δε
2228 3289 2643 3368 Meneclium
2714 3288 2883 3358 illud
2935 3289 3247 3360 studium·
3292 3287 3669 3358 crebrarum
3709 3341 3730 3374 ,
3799 3286 4105 3358 venusta·

1127 3409 1415 3480 rumque
1469 3386 1981 3457 sententiarum.-
2042 3389 2110 3457 in
2162 3390 2444 3482 quibus,
2496 3409 2569 3460 ut
2621 3391 2691 3462 in
2739 3389 2861 3458 illo
2911 3394 3186 3477 Graeco,
3242 3389 3327 3457 fic
3379 3392 3447 3458 in
3498 3391 3661 3474 hoc,
3708 3404 4109 3477 erantquae·

1126 3488 1286 3558 dam
1327 3493 1552 3580 magis
1610 3489 1928 3577 venustae,
1984 3489 2337 3582 duicelque
2407 3492 2733 3562 sententiae
2770 3543 2791 3576 ,
2858 3511 3063 3580 quam
3132 3508 3251 3557 aut
3320 3489 3672 3560 necessariae
3710 3541 3733 3574 ,
3802 3505 3927 3556 aut
4002 3493 4109 3560 in·

1125 3589 1396 3658 tet-dum
1446 3592 1644 3659 utiles
1681 3644 1700 3666 .
1753 3595 1834 3656 Et
1883 3608 2024 3660 erat
2073 3595 2285 3662 oratio
2333 3615 2493 3663 cum
2546 3592 2812 3660 incitata
2851 3643 2874 3678 ‚
2929 3594 2997 3662 &
3060 3590 3327 3662 vibrans
3366 3645 3387 3678 ,
3457 3609 3601 3664 tum
3650 3591 3857 3666 etiam
3908 3610 4107 3664 accu-

1123 3706 1274 3760 rata
1328 3693 1396 3760 &
1455 3693 1690 3779 polita.
1747 3696 1903 3760 Non
1957 3693 2319 3781 probantur
2374 3696 2509 3763 haec
2568 3691 2865 3762 senibus.
2923 3699 3087 3782 Sepe
3137 3693 3441 3768 videbam
3488 3714 3645 3762 cum
3694 3691 4105 3776 irridentem,

1123 3806 1274 3858 tum
1325 3793 1528 3859 etiam
1581 3790 1970 3868 irascentem
2023 3796 2094 3866 &
2151 3794 2677 3872 stomachantem
2722 3795 3161 3889 Philippum:
3232 3793 3343 3864 sed
3409 3793 3826 3868 mirabantur
3876 3793 4102 3864 adole·

1126 3889 1382 3960 scentes
1405 3946 1426 3980 ,
1478 3895 1838 3967 multitudo
1889 3895 2279 3966 movebatur
2302 3947 2318 3964 .

1225 3996 1386 4061 Erat
1433 3996 1769 4064 excellens
1819 3997 2065 4084 iudicio
2118 3999 2307 4088 vulgi
2350 4051 2369 4083 ‚
2441 4001 2511 4070 δι
2572 3996 2764 4068 facile
2816 4003 3069 4088 primas
3118 3999 3386 4070 tenebat
3452 4000 3883 4074 adolescens.
3960 3996 4098 4066 Etfi

1125 4095 1309 4162 enirn
1361 4117 1572 4187 genus
1623 4095 1791 4166 illud
1865 4097 2128 4166 dicendi
2202 4099 2610 4170 auetoritatis
2678 4098 2953 4168 habebat
3008 4122 3249 4189 parum
3290 4154 3311 4187 ,
3378 4123 3607 4174 tamen
3676 4119 3897 4190 aptum
3966 4097 4093 4166 esse

1118 4199 1288 4264 aetati
1343 4197 1745 4267 videbatur:
1819 4199 1891 4268 δι
1947 4215 2124 4267 certe
2159 4251 2183 4285 ,
2248 4198 2428 4293 quod
2502 4205 2573 4274 &
2653 4202 2901 4290 ingenii
2968 4203 3269 4294 ,quadam
3338 4203 3555 4272 forma
3626 4203 3883 4274 lucebat
3925 4252 3948 4287 ,
4018 4199 4094 4269 &

1114 4299 1586 4368 exercitatione
1617 4297 1922 4388 perfesta
1975 4317 2116 4368 erat
2158 4355 2181 4389 ,
2241 4299 2720 4396 verborumque
2772 4302 3073 4374 adstrista
3136 4308 3635 4396 comprehensio
3672 4359 3697 4394 ‚
3768 4303 4101 4376 summam

1115 4397 1471 4469 hominum
1523 4399 2028 4469 admirationem
2075 4403 2441 4472 excitabat.
2494 4407 2617 4476 Sed
2660 4459 2680 4492 ‚
2750 4427 2907 4474 cum
2962 4406 3099 4485 jam
3146 4407 3432 4478 honores
3474 4462 3494 4494 ,
3564 4412 3635 4478 ὅ(
3694 4407 3815 4473 illa
3889 4402 4103 4472 senior

1115 4497 1475 4569 austoritas
1527 4505 1813 4591 gravius
1863 4501 2175 4592 quiddam
2227 4509 2627 4596 requireret,
2677 4506 3055 4574 remanebat
3106 4506 3277 4576 idem
3320 4563 3341 4596 ,
3392 4531 3511 4578 nec
3558 4505 3827 4578 decebat
3876 4503 4094 4572 idern:

1115 4598 1429 4691 quodque
1477 4602 2032 4674 exercitationem
2073 4657 2096 4690 ,
2149 4605 2568 4697 studiumque
2615 4606 2949 4675 dimiserat
2988 4659 3007 4694 ‚
3074 4611 3254 4697 quod
3323 4612 3391 4679 in
3444 4631 3523 4678 eo
3572 4608 3795 4684 fuerat
3862 4605 4100 4676 acerri-

1113 4721 1351 4787 mum,
1399 4703 1816 4772 concinnitas
1869 4703 1985 4772 illa
2021 4757 2043 4791 ,
2090 4707 2537 4797 crebritasque
2594 4709 3065 4776 sententiarum
3113 4710 3374 4798 pristina
3430 4709 3739 4780 manebat
3784 4761 3806 4795 ‚
3860 4707 3971 4776 sed
4018 4723 4099 4772 ea

1113 4801 1353 4872 vestitu
1403 4802 1523 4871 illo
1570 4804 1881 4874 orationis
1925 4857 1946 4892 ,
2014 4826 2152 4896 quo
2220 4806 2652 4876 consueverat
2694 4861 2717 4896 ‚
2788 4827 3030 4876 ornata
3099 4831 3232 4878 non
3286 4830 3463 4881 erat.
3532 4815 3686 4880 Hoc
3738 4809 3851 4880 tibi
3906 4807 4026 4875 ille
4078 4857 4098 4889 ,

1112 4905 1325 4973 Brute
1361 4956 1385 4991 ‚
1434 4906 1658 4976 minus
1710 4904 1962 4973 fortasse
2016 4905 2263 4994 placuit
2303 4960 2325 4994 ,
2374 4927 2579 4999 quam
2630 4908 2961 4999 placuisset
3000 4963 3023 4998 ,
3076 4909 3124 4980 fi
3178 4912 3379 4984 illum
3428 4913 3839 5004 flagrantem
3890 4905 4097 4978 studio

1116 5005 1189 5074 cc
1250 5005 1612 5090 florentem
1659 5004 1984 5090 facultate
2031 5006 2265 5080 audire
2310 5010 2615 5100 potuisses
2652 5059 2673 5080 .

3747 5116 4001 5188 XCVI.
