4359 6321
1268 534 1432 601 112
1994 480 3298 592 DE'ORA'TORE

1239 622 1419 708 Qffl
1473 620 1732 701 multa?
1785 619 1870 689 fic
1925 621 2086 689 mihi
2133 623 2286 711 'tum
2338 610 2721 704 persuadere
2776 614 3156 701 videbatur,
3201 636 3419 707 neque
3470 616 3825 689 artificium
3878 620 4099 693 ullum

1134 710 1594 795 essedicendi
1629 776 1650 806 ,
1699 741 1912 814 neque
1963 736 2369 810 quemquam
2442 715 2664 805 posse,
2719 714 2838 783 nifi
2892 720 3000 806 qui
3054 718 3214 802 illa,
3278 740 3418 805 quae
3476 738 3531 782 a·
3566 718 3937 794 doti-issimis
3985 724 4099 793 ho·-

1135 822 1423 894 minibu‘s
1475 826 1542 891 in
1594 824 2000 914 philosophia
2051 822 2433 887 dicerentur
2477 870 2497 902 ,
2547 814 2888 905 cognosset
2932 871 2951 902 ,
3000 832 3117 883 aut
3168 818 3405 884 callide
3456 834 3573 885 aut
3622 822 3873 907 copiose
3924 825 4097 893 dice-

1136 947 1247 994 re.
1309 924 1570 1011 Qibus
1623 924 1840 993 dicere
1891 934 2094 1009 (32)
2143 917 2556 985 Charmadas
2626 915 2905 1003 solebat,
2972 916 3317 1005 ingenium
3372 934 3606 1005 tuum,
3654 922 3935 1008 Crasse,
3987 947 4098 993 ve·-

1131 1028 1478 1095 hementer
1535 1026 1914 1109 admirans,
1967 1042 2073 1089 me
2126 1016 2237 1089 fibi
2288 1016 2670 1107 perfacilem
2722 1018 2791 1082 in
2844 1017 3173 1084 audiendo
3225 1030 3386 1107 (33)
3428 1072 3446 1105 ,
3498 1040 3573 1127 te
3604 1040 4093 1112 perpugnacem

1017 1192 1022 1197 .
1130 1128 1199 1193 in
1241 1124 1635 1213 disputando
1683 1123 1822 1191 esse
1875 1121 2130 1189 visum.

1226 1228 1410 1291 XXI.
1463 1228 1778 1311 Tumque
1824 1244 1956 1313 ego
2002 1224 2127 1289 hac
2177 1217 2411 1287 eadem
2428 1220 2733 1308 opinione
2784 1218 3169 1305 adductm,
3201 1219 3433 1307 scripfi'
3464 1221 3667 1289 etiam
3718 1221 3885 1291 illud
3936 1248 4095 1318 quo.

1119 1325 1276 1393 dam
1331 1326 1398 1389 in
1451 1322 1718 1410 libello,
1766 1327 1877 1415 qui
1935 1320 2516 1408 meimprudente,
2566 1322 2637 1389 &
2692 1320 2904 1417 invito
2956 1328 3161 1405 (34)
3208 1322 3497 1405 excidit,
3544 1327 3619 1391 &
3680 1329 3977 1409 pervenit
4026 1332 4095 1395 in

1119 1442 1358 1495 manus
1409 1424 1757 1493 hominum
1811 1478 1832 1510 ,
1901 1424 2162 1513 disier-eos
2191 1428 2327 1488 ‘me
2376 1420 2700 1512 cognosse.
2729 1422 3134 1504 nonnullos,
3186 1421 3571 1505 eloquentem
3624 1424 3833 1492 adhuc
3890 1431 4099 1493 nemi.

1119 1546 1278 1592 nem
1331 1540 1378 1590 z·
1421 1526 1598 1615 quod
1646 1548 1806 1594 eum
1872 1522 2228 1593 statuebam
2278 1519 2644 1605 disertum,
2682 1522 2793 1607 qui
2850 1514 3043 1609 p'ofl'et
3100 1520 3257 1587 satis
3304 1539 3494 1591 acute
3570 1526 3765 1611 atque
3814 1526 4095 1597 dilucide

1117 1624 1291 1713 apud
1362 1626 1717 1694 mediocres
1769 1627 2069 1693 homines
2139 1644 2223 1691 ex
2274 1622 2617 1692 communi
2670 1619 2963 1709 quadam
2998 1621 3347 1689 hominum
3427 1625 3737 1710 opinione
3803 1627 4023 1695 dicere
4073 1660 4091 1703 ς

1115 1726 1530 1815 eloquentem
1579 1747 1731 1795 vero
1766 1781 1785 1812 ,
1837 1728 1948 1816 qui
2001 1722 2361 1791 mirabilius
2415 1728 2486 1794 δε
2562 1721 3105 1810 magnificentius
3156 1742 3401 1811 augere
3450 1724 3688 1810 poffet,
3738 1740 3935 1813 atque
3988 1750 4093 1794 or..

1117 1846 1277 1893 nare
1327 1850 1470 1916 quae
1523 1827 1760 1913 vellet,
1807 1827 2166 1915 omnesque
2218 1826 2520 1891 omnium
2576 1828 2805 1891 rerum
2872 1845 3018 1912 quae
3070 1823 3152 1887 ad
3204 1822 3563 1891 dicendum
3617 1826 4019 1911 pertinerent
4076 1880 4099 1915 ,

1115 1914 1330 2015 spntcs
1368 1930 1594 1995 animo
1628 1949 1702 1998 ac
1743 1932 2066 1996 memoria
2087 1927 2506 2013 ,continerem
2566 1921 2641 1987 1d
2682 1923 2727 1988 fi
2764 1920 2856 1987 est
2893 1920 3159 1989 difficile
3200 1921 3424 2004 nobis,
3474 1926 3589 2009 qui
3645 1944 3837 2010 ante,
3888 1946 4092 2015 quam

1112 2025 1199 2095 ad
1249 2028 1636 2099 discendum
1687 2028 1945 2118 ingreffi
1999 2028 2271 2109 sumuS,
2324 2023 2659 2092 obruimur
2714 2018 3065 2088 ambitione
3112 2022 3185 2090 δι
3245 2022 3447 2107 f0r03
3500 2021 3577 2087 fit
3626 2038 3849 2093 tamen
3900 2029 3969 2093 in
4022 2051 4093 2097 re

1096 2126 1432 2215 positum,
1482 2147 1674 2218 atque
1728 2144 1998 2194 natura.
2053 2130 2199 2214 Ego
2246 2129 2473 2207 enim,
2522 2138 2850 2211 quantum
2906 2142 3196 2211 auguror
3249 2120 3628 2201 conjectura
3652 2156 3679 2208 ,·
3708 2144 4088 2218 quantaque

1109 2230 1377 2317 ingenia
1429 2232 1492 2297 in
1550 2226 1783 2296 nostris
1820 2226 2196 2293 hominibus
2244 2224 2363 2292 effe
2403 2224 2626 2309 video,
2678 2245 2817 2289 non
2866 2220 3133 2310 despero
3185 2222 3323 2289 fore
3372 2235 3577 2312 (35)
3626 2225 3917 2315 aliquem
3970 2230 4087 2296 ali-

1108 2330 1412 2419 quando,
1463 2332 1575 2420 qui
1627 2332 1696 2399 &
1755 2326 1964 2397 studio
2015 2330 2311 2410 acriore,
2358 2344 2561 2415 quam
2614 2344 2731 2389 nos
2770 2322 3039 2408 sumus,
3092 2340 3291 2411 atque
3337 2323 3593 2390 fuimus
3626 2376 3646 2409 ,
3698 2329 3769 2395 ὅ(
3826 2330 3957 2397 otio
4006 2352 4084 2399 ac

1109 2424 1425 2496 facultate
1477 2428 1768 2496 discendi
1823 2430 2114 2510 majore,
2165 2444 2243 2488 ac
2280 2425 2683 2506 maturiore,
2734 2418 3054 2490 &labore
3107 2438 3305 2513 atque
3355 2424 3669 2492 industria
3718 2425 4085 2519 superiore,

1107 2550 1266 2595 cum
1319 2529 1380 2592 se
1433 2528 1514 2591 ad
1569 2525 1972 2592 audiendum
2010 2575 2031 2609 ,
2098 2523 2501 2610 legendum,
2556 2516 3103 2613 scribendumque
3154 2522 3406 2601 majore
3452 2546 3642 2613 opera
3696 2524 4005 2599 dediderit
4061 2586 4083 2617 ,

1105 2626 1338 2693 existat
1389 2622 1536 2690 talis
1587 2640 1860 2709 orator,
1910 2623 2177 2714 qualem
2230 2624 2620 2712 quaerimus:
2674 2624 2791 2713 qui
2826 2625 2995 2701 'iure
3052 2644 3181 2693 non
3240 2625 3459 2694 solum
3494 2629 3811 2717 disertus,
3862 2631 3971 2699 sed
4018 2655 4085 2700 e-

1107 2726 1269 2791 tiam
1319 2724 1635 2813 eloquens
1687 2721 1818 2791 dici
1855 2725 2074 2811 poffit:
2126 2726 2241 2815 qui
2294 2744 2567 2809 tamen,
2612 2740 2762 2788 mea
2817 2720 3179 2806 sententia,
3233 2728 3507 2810 aut-hic
3560 2728 3655 2797 est
3704 2730 3839 2805 iam
3890 2736 4087 2799 Cras-

1106 2824 1252 2910 sus,
1307 2842 1460 2911 aut,
1516 2824 1560 2891 fi
1597 2826 1744 2915 quis
1784 2827 1917 2910 pari
1971 2825 2165 2892 fuerit
2218 2824 2535 2911 ingenio,
2583 2821 2903 2912 pluraque
2943 2842 3147 2911 quam
3183 2823 3336 2907 hic,
3386 2828 3461 2893 δε.
3514 2826 3826 2914 audierit,
3879 2833 3949 2898 ὅ(
3991 2835 4086 2902 le..

1107 2925 1390 3010 stitarit,
1441 2926 1518 2993 ὰ
1577 2922 1936 3011 scripserit,
1988 2924 2267 3014 paulum
2313 2924 2468 2991 huic
2519 2919 2777 3011 aliquid
2829 2925 3091 3009 poterit·
3128 2920 3409 2991 addere.

1202 3026 1356 3091 Hoc
1411 3025 1562 3091 loco
1595 3024 1959 3111 Sulpicius,
2011 3023 2629 3121 Insperanti·mihi,
2680 3024 2933 3113 inquit,
2986 3024 3057 3090 δι
3116 3027 3379 3110 Cottae·‘,
3430 3023 3536 3090 sed
3588 3024 3775 3119 valde
3828 3036 4085 3115 optanti

1061 3114 1368 3216 utrique
1419 3124 1754 3210 nostrum,
1805 3126 2038 3196 cecidit
2066 3181 2086 3212 ,
2132 3144 2209 3196 ut
2249 3126 2320 3194 in
2370 3124 2581 3224 istum}
2606 3121 3017 3209 sermonem,
3065 3124 3327 3210 Crasse,
3374 3120 3877 3194 delaberemini·.
3944 3136 4084 3200 Nm

1101 3227 1196 3292 bis
1234 3231 1416 3295 >enim
1455 3228 1587 3296 huc
1623 3226 2028 3297 venientibus
2075 3229 2442 3307 jucundum
2482 3227 2632 3293 satis
2684 3226 2829 3293 fore
2884 3221 3270 3309 videbatur,
3322 3227 3411 3312 fi,
3460 3249 3619 3295 cum
3674 3247 3789 3294 vos
3840 3229 3923 3298 de
3974 3253 4079 3300 re·

1099 3325 1221 3393 bus
1289 3328 1431 3394 aliis
1502 3329 1996 3422 loquereminij,
2045 3320 2273 3396 tamen
2324 3349 2444 3395 nos
2496 3328 2749 3416 aliquid
2798 3347 2886 3392 ex
2939 3323 3235 3392 sermone
3308 3325 3521 3393 vestro
3588 3331 3910 3398 memoria
3980 3333 4079 3399 di.

1095 3448 1313 3515 gnum
1349 3429 1655 3517 excipere
1691 3429 2052 3516 possemus.-
2105 3445 2179 3496 ut
2222 3449 2378 3496 vero
2430 3429 2683 3516 penitus
2734 3428 2802 3492 in
2850 3447 3002 3492 eam
3052 3424 3258 3513 ipsam
3298 3430 3495 3496 totius
3546 3428 3747 3506 hujus
3802 3434 3905 3500 vel
3948 3432 4077 3501 stu-
4134 3493 4141 3500 .

1095 3526 1230 3609 dii,
1285 3527 1390 3594 vel
1432 3521 1738 3613 artificii,
1780 3529 1898 3596 -vel
1943 3528 2275 3601 facultatis
2309 3526 2817 3618 disputationem
2870 3546 3035 3614 pene
3086 3527 3394 3596 intimam
3434 3530 3905 3618 perveniretis,
3958 3537 4075 3600 vix

1091 3625 1460 3712 optandum
1503 3627 1691 3720 ,nobis
1745 3625 2083 3694 videbatur
2136 3676 2151 3695 .
2212 3631 2355 3716 Ego
2402 3630 2625 3715 enim,
2675 3628 2923 3718 qui1ab
2976 3632 3244 3695 ineunte
3294 3645 3480 3697 aetate
3528 3631 3830 3700 incensus
3880 3635 4075 3704 effem

1090 3721 1298 3790 fludio
1347 3715 1683 3811 utriusque
1734 3725 2055 3808 vestrum,
2111 3728 2312 3792 Crasfi
2370 3749 2526 3796 vero
2572 3728 2775 3794 etiam
2810 3749 3043 3796 amore
3054 3781 3083 3820 ,
3130 3751 3289 3798 curn
3340 3729 3418 3796 ab
3466 3752 3549 3797 eo
3598 3732 3936 3823 nusquam'
3974 3735 4073 3804 di·

1087 3821 1454 3907 scederem,
1510 3822 1780 3891 verbum
1815 3845 1898 3892 ex
1940 3843 2018 3891 eo
2054 3845 2398 3913 nunquam
2450 3829 2687 3898 elicere
2720 3829 2901 3916 potui
2920 3827 2998 3895 de
3037 3829 3101 3898 vi
3156 3847 3233 3896 ac
3280 3833 3531 3898 ratione
3568 3833 3826 3902 dicendi
3862 3845 4072 3927 (36),

1863 3953 1868 3960 -
3810 3957 3971 4004 cum

3673 4156 3968 4171 ’.ιιι-ψ’..

1155 4299 1186 4360 (
1205 4315 1272 4376 32
1288 4299 1544 4381 )Quibrqs
1577 4300 1796 4366 diem)
1835 4300 2045 4360 Vulnus
2083 4299 2395 4383 hic‘videoe
2434 4323 2523 4384 re·
2622 4299 2802 4380 pfiffl,
2836 4319 2939 4366 ut,
2965 4301 3196 4430 fidquid
3224 4299 3484 4373 superiore
3496 4295 3702 4382 jndicio
3726 4289 3947 4365 adium}
3986 4307 4077 4370 ei,

1083 4367 1316 4444 medium
1346 4390 1459 4426 non
1497 4391 1568 4428 ita
1594 4411 1613 4428 .
1633 4369 1904 4429 ‘Muretus
1925 4410 1942 4421 -
1981 4373 2267 4433 Lambinus
2305 4371 2483 4430 edidit
2504 4415 2523 4438 ,
2626 4393 2786 4449 quem
2818 4371 2994 4444 postea
3071 4373 3346 4444 esenlums
3370 4367 3521 4442 effer,
3559 4384 3871 4427 necaturum
3889 4369 4033 4440 foret
4062 4415 4083 4441 ,

1085 4439 1289 4570 geibus
1323 4439 1560 4508 adjicere
1596 4483 1613 4499 .
1650 4481 1666 4497 .
1704 4483 1718 4497 .
1745 4441 1960 4514 solebat
1983 4467 2002 4500 .·
2035 4444 2183 4516 quod
2220 4445 2293 4508 est
2332 4448 2521 4514 conje-
2628 4465 2733 4504 non
2766 4445 2977 4502 Ateium
3012 4465 3051 4501 a
3070 4441 3421 4518 seaffimare
3438 4439 3635 4514 poffae.
3670 4442 3856 4505 Valet.
3886 4445 4073 4501 Maxi·

1145 4529 1333 4568 ancum
1371 4513 1706 4572 Hotomani.
1743 4521 1911 4574 Grut.
2628 4535 2745 4572 mus
2784 4515 2881 4573 lib.
2919 4533 3042 4574 νη.
3074 4533 3121 4572 c·
3156 4535 3214 4588 3.
3254 4511 3541 4578 frustras.
3800 4563 3806 4570 .

1158 4589 1184 4646 (
1203 4603 1232 4654 3
1240 4585 1318 4654 ζ)
1356 4583 1682 4651 Perfacilem
1723 4590 1780 4641 in
1817 4584 2095 4642 audiendo
2128 4591 2157 4652 )
2212 4587 2352 4644 Nam
2406 4604 2526 4642 cum
2698 4589 2726 4648 (
2786 4603 2813 4654 5
2842 4591 2869 4650 )
2911 4585 3227 4662 4liquem)
3264 4583 3353 4640 De
3390 4580 3446 4638 se
3486 4572 3606 4654 ipso
3644 4580 3699 4639 id
3736 4601 3803 4640 ex
3823 4585 4075 4643 Antonii

1085 4651 1273 4735 rudem
1306 4652 1500 4710 artium
1555 4655 1800 4712 omnium
1838 4653 1890 4712 sc
1944 4655 2150 4712 diceret
2190 4655 2469 4734 Antonius
2503 4697 2521 4722 ,
2624 4605 2855 4727 per-lima
2898 4655 3119 4711 videtur
3152 4655 3359 4712 Cicero
3396 4655 3729 4725 praedicere.
3838 4725 3849 4736 ·
3904 4693 3913 4700 -

1079 4744 1198 4782 non
1252 4741 1370 4796 erat
1421 4743 1514 4780 cur
1553 4723 1620 4780 de
1661 4724 1854 4782 artibus
1913 4743 2036 4783 cum
2074 4723 2387 4782 hominibus
2425 4726 2527 4783 do·
2698 4733 2724 4791 (
2778 4731 2850 4786 6)
2890 4733 2971 4780 De
3006 4730 3073 4780 vi
3100 4728 3401 4782 acutione
3418 4724 3683 4789 dicendi)
3718 4725 3909 4784 Malim
3944 4745 4074 4785 cum

1079 4791 1319 4853 stiffimis
1373 4813 1524 4874 aeque
1559 4794 1878 4875 pugnaciter
1932 4811 2090 4866 atque
2128 4794 2341 4854 Craflhs
2366 4839 2383 4862 ,
2430 4797 2523 4868 qui
2624 4799 2737 4854 Gui
2770 4795 2957 4851 relmio
2996 4795 3178 4865 legere
3212 4795 3279 4852 de
3318 4796 3439 4862 via,
3476 4817 3545 4854 ac
3580 4801 3823 4855 ratione:
3862 4795 4075 4854 facilli-

1076 4862 1142 4924 se.
1181 4865 1356 4926 multa
1404 4863 1658 4925 didicisse
1685 4863 1991 4936 &arebant
2021 4906 2044 4930 ,
2111 4867 2469 4942 contenderet
2499 4906 2519 4926 .
2624 4885 2712 4924 me
2748 4866 2938 4946 ultima
2974 4865 3131 4927 litera
3174 4867 3323 4928 vocis
3346 4872 3463 4942 ,via
3488 4885 3549 4950 a,
3580 4865 3640 4950 fg
3711 4867 3855 4934 entis
3909 4867 4073 4950 V9<;{³.

1083 4938 1365 4999 strenam.
1607 4955 1643 4965 ··
1738 4955 1783 4964 ·’
1811 4955 1889 4966 ··“·
1999 4958 2017 4966 ·
2056 4957 2102 4971 ’·
2616 4942 2871 5010 aeprima
2892 4937 3051 4994 litera
3068 4934 3341 4995 absorberi
3375 4945 3615 5008 potuit-0·
3698 4937 4073 4996 anutiusolim

1096 5073 1106 5083 ,
1143 5012 1298 5092 (ςρ)
1337 5009 1812 5082 Μσὲωρνκόεηη,
1849 5006 1920 5075 ό·
1948 5010 2195 5070 invite.)
2234 5009 2517 5066 M.Auto-
2616 5008 2951 5074 ediditw'a,
2988 5015 3045 5066 &
3072 5008 3145 5068 fic
3162 5009 3371 5068 Cicero
3408 5007 3721 5082 saepisfime.
3761 5013 3821 5069 Ι...
3850 5031 4077 5081 1.c.-25.

1047 5095 1169 5142 auus
1204 5079 1314 5139 ades·
1326 5099 1412 5141 rco
1435 5077 1500 5154 se
1553 5079 1744 5153 ajebat
1781 5080 2009 5140 nullam
2047 5083 2347 5139 orationem
2370 5076 2513 5152 sm‘-
2618 5087 2743 5140 m
2780 5078 3055 5144 rationem
3086 5079 3307 5142 dicendi
3338 5079 3415 5152 ό·
3452 5099 3597 5145 viam
3610 5119 3631 5150 ,
3655 5079 3761 5154 sed
3790 5096 4075 5208 μεῖξιν)
