4359 6321
792 432 1409 529 LIBER
1534 432 2496 532 TER-Tros,
2851 478 3064 581 233·

174 564 357 655 vulgi
409 554 821 648 opinionibus
859 610 879 643 ,
930 561 1255 645 exiguum
1316 552 1465 621 sane
1518 572 1713 643 atque
1766 554 2153 624 mendicum
2207 558 2332 626 est:
2387 560 2550 628 illud
2607 563 2833 631 rursus
2891 570 3150 656 iprum,
3193 598 3206 642 ῑ

176 665 343 757 quod
392 659 676 728 tradunt
728 656 826 725 isti
867 711 887 744 ,
935 662 1046 747 qui
1100 656 1493 746 profitentur
1550 656 1613 725 se
1662 655 1925 723 dicendi
1976 660 2363 747 magistros,
2413 684 2546 731 non
2599 664 2820 731 multo
2871 669 2964 734 est
3013 691 3154 737 ma·
3197 702 3206 715 ·

176 772 273 847 jus
295 797 325 851 ·‚
393 778 607 853 quam
660 760 825 827 illud
878 761 1157 846 vulgare
1208 780 1285 825 ac
1339 756 1590 825 forense
1618 754 1646 826 ’.
1718 764 2057 845 Apparatu
2110 759 2295 830 nobis
2347 784 2514 852 opus
2581 765 2676 833 est
2739 780 2942 857 (43)
2998 821 3018 854 ,
3087 772 3156 840 &

172 854 747 954 rebus'exquifitis
802 861 1085 951 undique
1126 914 1145 946 ,
1198 863 1267 928 δε
1320 856 1620 929 collectis
1657 909 1679 944 ‚
1732 858 2037 927 arceffitis
2077 913 2098 946 ‚
2152 868 2576 952 comportatis
2615 921 2636 955 ,
2691 888 2764 937 ut
2821 869 2978 956 tibi,
3028 876 3164 939 (2ae-

172 970 269 1037 sar
306 1022 325 1053 ‚
379 964 765 1033 faciendum
814 963 905 1030 est
956 962 1039 1027 ad
1097 980 1393 1045 annum3
1450 977 1521 1026 ut
1573 982 1699 1049 ego
1750 962 1819 1026 in
1872 958 2179 1029 aedilitate
2231 963 2562 1053 laboravi,
2611 972 2790 1058 quod
2842 974 3161 1062 quotidia-

171 1073 269 1136 m’s
321 1071 391 1137 &
452 1066 825 1141 vernaculis
868 1062 1068 1131 rebus
1120 1060 1497 1127 satisfacere
1550 1082 1657 1128 me
1710 1062 1873 1151 poffe
1924 1061 2079 1130 huic
2134 1065 2378 1153 populo
2431 1089 2558 1135 non
2611 1070 2958 1155 putabam.

198 1216 209 1235 ι
264 1166 647 1237 Verborum
697 1163 1200 1255 eligendorum,
1254 1164 1327 1232 δε
1380 1162 1966 1247 collocandorum,
2020 1166 2090 1232 δε
2146 1166 2760 1237 concludendorum
2813 1174 3024 1241 facilis
3079 1176 3170 1243 est

172 1269 277 1337 vel
333 1272 559 1355 ratio,
606 1271 713 1337 vel
770 1266 905 1336 fine
958 1266 1253 1349 ratione,
1300 1260 1438 1351 ipsa
1475 1265 1893 1333 exercitatio.
1950 1270 2207 1333 Rerum
2259 1266 2352 1335 est
2404 1268 2569 1339 srlva
2621 1291 2914 1361 magna,
2963 1296 3202 1363 quam.

171 1391 329 1438 cum
380 1368 597 1441 Graeci
654 1371 791 1448 iam
846 1386 979 1433 non
1034 1382 1379 1450 tenerent,
1426 1362 1510 1431 ob
1558 1384 1833 1454 eamque
1883 1364 2151 1433 causam
2205 1368 2514 1443 iuventus
2587 1372 2814 1439 nostra
2879 1370 3207 1443 deduz-‚er

168 1490 266 1539 ret
326 1493 491 1559 pene
542 1466 886 1555 discendO,
934 1468 1137 1533 etiam
1192 1466 1453 1551 Latini,
1508 1465 1553 1533 fi
1610 1467 1735 1543 diis
1786 1464 2038 1553 placet,
2090 1466 2220 1533 hoc
2270 1466 2534 1536 biennio
2589 1473 2880 1561 magistri
2949 1476 3174 1545 dicen-

166 1572 236 1639 di
292 1571 731 1638 exstiterunt:
788 1590 947 1659 quos
994 1589 1125 1658 ego
1198 1566 1429 1635 censor
1501 1567 1717 1637 edifito
1782 1582 1997 1659 (44)
2076 1586 2230 1634 meo
2302 1566 2688 1639 sustuleram
2727 1624 2748 1657 ,
2817 1596 2952 1641 non
3037 1596 3174 1667 quo

169 1683 196 1761 (
256 1690 331 1737 ut
387 1670 607 1738 nescio
654 1692 820 1762 quos
868 1672 1085 1739 dicere
1139 1669 1401 1749 aiebant
1460 1680 1489 1758 )
1552 1670 1700 1737 acui
1754 1668 2024 1758 ingenia
2094 1669 2610 1738 adolescentium
2677 1671 2926 1745 nollem
2973 1726 2995 1761 ,
3069 1674 3176 1743 sed

166 1787 409 1839 contra
468 1774 729 1861 ingenia
782 1768 1055 1839 obtundi
1108 1770 1336 1855 nolui,
1388 1769 1791 1840 corroborari
1843 1766 2358 1861 impudentiam.
2415 1776 2594 1841 Nam
2650 1775 2820 1861 apud
2869 1778 3176 1862 Graecm,

168 1873 581 1941 cuicuimodi
633 1875 873 1958 effent,
926 1870 1229 1937 videbam
1282 1888 1503 1939 tamen
1554 1874 1719 1957 effe,
1772 1888 1997 1960 praeter
2047 1870 2224 1942 hanc
2291 1875 2832 1943 exercitationem
2885 1876 3173 1967 lingua,

170 1972 554 2040 dostririam
605 1976 902 2065 aliquam
938 2022 964 2056 ,
1030 1974 1109 2039 δε
1168 1974 1305 2057 (⁴²)
1372 1971 1855 2043 humanitatem
1906 1972 2184 2061 dignam
2243 1974 2510 2043 scientia
2549 2024 2564 2041 .
2637 1980 2782 2043 Hos
2837 1997 2992 2043 vero
3059 2000 3176 2047 no-

174 2092 301 2139 vos
357 2075 711 2161 magistros
762 2074 927 2141 nihil
984 2069 1451 2160 intelligebam
1502 2076 1669 2161 pofl'e
1718 2072 1994 2157 docere,
2040 2073 2161 2140 nisa
2214 2090 2288 2141 ut
2337 2074 2698 2165 auderent3
2749 2078 2922 2166 quod
2975 2079 3178 2147 etiam

171 2192 331 2239 oum
390 2170 581 2241 bon-is
633 2172 827 2243 rebus
870 2172 1358 2255 coniunctum,
1408 2170 1523 2261 per
1578 2173 1858 2263 seipsum
1904 2172 1995 2241 est
2046 2194 2446 2264 magnopere
2498 2176 2892 2265 fugiendum
2930 2225 2946 2245 .
3021 2182 3176 2247 Hoc

170 2294 332 2340 cum
387 2294 603 2341 unum
654 2276 1027 2343 traderetur
1071 2326 1092 2360 ,
1144 2276 1213 2344 dt
1272 2295 1432 2340 cum
1485 2276 1901 2363 impudentiae
1954 2273 2148 2341 ludus
2198 2277 2343 2345 efl'et
2381 2303 2404 2363 ,-
2478 2279 2702 2366 putavi
2771 2280 2891 2348 else
2957 2278 3178 2346 censo-

172 2377 263 2442 ris
292 2426 313 2459 ‚
364 2394 451 2442 ne
501 2377 776 2467 longius
834 2375 899 2442 id
954 2373 1237 2463 serperet
1286 2426 1308 2459 ‚
1384 2376 1724 2463 providere
1757 2426 1779 2443 .
1854 2380 2258 2464 Quanquam
2307 2399 2442 2445 non
2493 2379 2630 2447 haec
2697 2382 2790 2447 ita
2841 2377 3050 2446 statuo
3099 2402 3176 2448 ae

168 2476 506 2561 decern0‚
558 2496 635 2545 ut
683 2476 1058 2563 desperem,
1108 2476 1343 2543 Latine
1394 2495 1519 2561 ea,
1570 2475 1655 2544 de
1707 2475 1945 2567 quibus
1992 2474 2464 2565 disputavimus
2511 2528 2536 2561 ‚
2607 2478 2778 2545 tradi
2830 2497 2906 2544 ac
2957 2501 3198 2567 perpo-⁸

164 2574 317 2643 liri.
380 2574 643 2646 Patitur
691 2581 871 2646 enim
922 2579 995 2645 ὃ(
1054 2576 1283 2667 lingua
1338 2576 1557 2643 nostra
1596 2631 1617 2664 ‚
1688 2580 1759 2647 &
1817 2592 2055 2646 natura
2106 2597 2344 2645 rerum
2383 2629 2406 2662 ,
2477 2590 2767 2644 veterem
2818 2578 3012 2645 illam
3060 2602 3177 2647 ex-

160 2675 673 2767 cellentemque
720 2676 1141 2768 ‘prudentiam
1192 2682 1585 2745 Graecorum
1630 2730 1653 2763 ,
1719 2675 1807 2743 ad
1852 2675 2147 2745 nostrum
2199 2676 2398 2745 usum
2435 2728 2460 2763 ‚
2523 2697 2912 2767 moremque
2965 2693 3176 2747 trans-

162 2778 373 2845 ferri.
458 2778 584 2845 Sed
650 2775 1025 2849 homin-ibus
1094 2798 1259 2864 opus
1324 2777 1417 2843 est
1465 2777 1736 2844 eruditis
1770 2830 1792 2863 ‚
1856 2777 1971 2867 qui
2044 2776 2262 2847 adhuc
2331 2778 2400 2846 in
2449 2779 2578 2847 hoc
2648 2778 2920 2869 quidem·
2979 2801 3180 2869 gene·

164 2900 235 2945 re
291 2876 493 2945 nostri
548 2878 721 2952 nulli
770 2881 1049 2950 fuerunt
1088 2924 1109 2945 .
1184 2880 1299 2945 S-in
1346 2878 1617 2968 quando
1662 2877 2087 2965 exstiterint3
2154 2881 2357 2950 etiam
2409 2880 2662 2949 Graecis
2728 2896 2926 2952 erunt
2996 2898 3176 2950 ante·
3278 2899 3287 2905 ·

163 2978 500 3067 ponendi.

274 3084 497 3147 XXV.
550 3084 845 3147 Ornatur
896 3082 1107 3169 igitur
1162 3082 1373 3147 oratio
1426 3092 1567 3168 (45
1602 3090 1633 3164 )
1682 3100 1923 3172 genere
1972 3080 2315 3172 primum,
2371 3084 2442 3153 &
2497 3083 2960 3174 quasi-colore
3013 3107 3172 3177 quo·

170 3181 335 3244 dam
382 3229 401 3258 ‚
454 3182 525 3245 &.
586 3177 779 3248 succo
834 3179 983 3244 suo.
1037 3183 1215 3244 Nam
1264 3195 1339 3244 ut
1390 3184 1615 3266 gravis
1660 3231 1683 3264 ,
1730 3198 1805 3248 ut
1853 3181 2073 3250 suavis
2114 3233 2137 3268 ‚
2185 3200 2263 3250 ut
2311 3185 2573 3256 erudita
2627 3184 2701 3252 fit
2747 3236 2767 3270 ,
2817 3201 2888 3252 ut
2944 3185 3178 3254 libera-

177 3280 307 3359 Ιὲς,
364 3290 438 3339 ut
484 3273 933 3360 ‚admirabiliffi
982 3289 1059 3341 ut
1108 3276 1301 3364 polita
1338 3326 1357 3360 ‚
1406 3293 1481 3342 ut
1534 3276 1753 3344 sensus
1790 3329 1815 3362 a
1866 3293 1943 3343 ut
1992 3280 2264 3367 dolores
2315 3280 2588 3366 habeat,
2639 3301 2962 3370 quantum
3013 3305 3196 3369 opus.

171 3375 259 3444 ,fit
301 3427 323 3461 ,
380 3397 513 3444 non
566 3375 657 3443 est
712 3375 1135 3466 singulorum
1186 3375 1683 3447 articulorum:
1753 3377 1821 3442 in
1874 3391 2013 3443 toto
2068 3374 2444 3466 speetantur
2493 3379 2628 3446 haec
2679 3399 2950 3468 corpore
2993 3427 3010 3443 .
3079 3389 3177 3450 ut

2921 3498 3082 3567 1³01-
3185 3559 3196 3572 .

155 3702 3169 3746 w

188 3758 219 3772 Q

250 3883 365 3952 (43
393 3885 423 3945 )
458 3886 759 3950 Apparatu
816 3878 967 3936 nobis
1004 3889 1131 3936 otus
1182 3875 1255 3946 est
1287 3885 1314 3943 )
1378 3877 1633 3945 Alludit‚
1740 3882 2153 3936 Renunciatum
2192 3875 2264 3946 est
2299 3878 2451 3936 rubis
2489 3877 2579 3952 effi
2613 3877 2854 3936 homines
2875 3917 2894 3944 ,
2939 3881 3043 3954 qui
3079 3896 3179 3934 no·

170 3969 450 4021 quantum
490 3949 694 4022 opinor
734 3989 753 4016 ‚
788 3949 855 4006 ad
892 3949 1249 4012 aedilitatem,
1282 3967 1341 4006 m
1376 3968 1478 4020 qua
1517 3952 1639 4022 ple-
1735 3969 1879 4006 vum
1912 3969 2087 4020 genus
2124 3947 2418 4023 disciplina
2455 3951 2822 4021 insti-tumme
2859 3991 2875 4014 ‚
2931 3949 3010 4006 ad
3043 3967 3174 4025 quos

172 4040 341 4093 raque
406 4020 619 4092 populo
662 4019 962 4093 spectacula
1014 4019 1475 4093 proponebantur
1498 4041 1523 4084 4
1578 4025 1648 4078 δε.
1734 4023 2007 4089 juventus
2036 4025 2099 4077 in
2134 4021 2338 4078 ludum
2357 4026 2691 4082 conveniam
2729 4041 2811 4078 eas
2835 4018 2948 4094 fibi
2983 4039 3200 4080 nomm.

168 4093 231 4150 in
273 4113 341 4150 eo
379 4110 589 4163 genere
627 4132 644 4158 ‚
700 4091 792 4164 qui
850 4092 987 4150 novi
1026 4089 1229 4164 aliquid
1281 4090 1468 4148 ederet
1502 4131 1523 4158 ‚
1577 4096 1633 4150 ἀ
1736 4097 1814 4148 im
1850 4089 2025 4164 osusffi
2079 4097 2307 4150 Latinos
2343 4093 2608 4154 rhetoress
2649 4091 2726 4148 iba·
2761 4089 3004 4148 homines
3040 4091 3177 4149 ado-

172 4163 441 4222 hastenus
484 4161 799 4243 inu-Gratum
824 4204 841 4228 ,
874 4183 1043 4220 omne
1080 4163 1341 4236 punctum
1380 4159 1579 4243 ferebat
1614 4201 1633 4220 .
1736 4161 1788 4220 le
1812 4164 2055 4222 centul&
2093 4164 2208 4220 dies
2247 4177 2384 4221 totos
2422 4162 2688 4238 desidere,
2727 4160 2844 4230 &c-
2881 4163 3074 4222 Idem.

170 4239 337 4306 Quod
380 4235 533 4293 idem
574 4255 632 4292 m
670 4233 788 4292 alus
832 4234 1225 4306 magistratibus
1259 4274 1277 4299 ‚
1330 4231 1422 4290 sed
1462 4253 1523 4290 m
1564 4233 1639 4290 il-
1808 4237 1926 4299 (⁴¹)
1967 4239 2404 4294 Humanitatem
2437 4240 2465 4300 )
2506 4239 2654 4294 Man.
2689 4232 2868 4292 Lamb.
2903 4233 3178 4292 humani-

166 4310 223 4364 lo
264 4326 555 4381 praecipue
598 4307 805 4364 valebat
844 4345 859 4361 .
912 4311 1093 4380 Quare
1129 4346 1147 4371 ‚
1182 4303 1637 4377 quemadmodum
1740 4319 1862 4364 tate
1896 4304 2133 4376 dignam
2150 4305 2484 4377 scientiam.
3191 4355 3200 4363 .

171 4381 239 4436 ibi
297 4382 525 4439 delectu
578 4397 737 4451 atque
792 4397 1047 4450 apparatu
1114 4375 1497 4448 exquilrtarum
1552 4395 1641 4434 re·
1811 4381 1978 4457 545)
2028 4387 2284 4457 Ornata-cr
2329 4382 2510 4449 igitur
2564 4380 2804 4444 oratio)
2855 4373 3200 4459 Institi-trum.

168 4473 309 4584 :1332
326 4448 651 4603 οξῖἒῗῐὲςῗέ
694 4446 1123 4602 ἔξῗὲῗῇρῗοῆἰ
1148 4447 1641 4600 ῗὶῗὲἔεείὦ“’ἕὲἶ
1741 4443 3180 4601 35:125?ss'555253'315firffisdaussfssffilnssffgmz

171 4597 259 4653 bet
287 4638 305 4664 ,
334 4592 497 4670 quod
536 4593 651 4667 ipsa
688 4591 995 4667 praesertim
1046 4610 1299 4652 novitate
1355 4589 1587 4648 delectet
1610 4627 1641 4646 0
1742 4591 2061 4671 drstrpgunt:
2102 4610 2274 4654 unum
2310 4612 2370 4649 m
2411 4608 2532 4671 toto
2567 4588 2742 4670 susum
2791 4609 3022 4664 corpore
3055 4608 3182 4647 ora-

172 4673 359 4726 idem.
1744 4681 1913 4722 tionis
1947 4683 1969 4724 3
2012 4663 2159 4722 aliud
2196 4661 2462 4736 spectatur
2499 4681 2558 4720 m
2595 4661 2866 4735 partibus.
2904 4659 3068 4732 Quod
3105 4657 3178 4738 (ἰ-

243 4745 407 4810 (44)
514 4756 609 4792 uu
646 4755 737 4805 ego
773 4735 947 4808 censer
983 4738 1150 4797 edida
1188 4743 1219 4805 )
1271 4738 1443 4812 Juvat
1479 4731 1641 4807 super
1738 4733 2053 4794 militudine
2101 4733 2326 4794 humani
2373 4733 2618 4808 corporis
2685 4735 3039 4811 explicatur-2
3113 4749 3176 4786 m

173 4829 235 4866 ea
290 4831 351 4866 re
390 4813 513 4868 Gel
546 4807 659 4886 ium
694 4805 878 4865 audire
915 4849 933 4874 ‚
994 4829 1088 4883 qui
1120 4809 1217 4868 lib.
1256 4828 1353 4866 xv.
1388 4825 1503 4878 cap.
1556 4827 1637 4863 m.
1740 4827 1851 4880 quo
1884 4806 1985 4864 alia
2022 4808 2190 4868 totius
2224 4807 2304 4866 est
2339 4803 2698 4880 pulchritudo
2735 4825 2752 4860 t
2807 4823 2926 4876 quae
2981 4820 3040 4857 m
3077 4819 3180 4856 co—

180 4880 325 4936 istud
367 4878 461 4935 his
501 4880 683 4936 verbis
720 4879 947 4938 declarat
984 4907 1003 4938 .·
1061 4890 1163 4940 cn.
1204 4883 1486 4938 Domitius
1524 4887 1631 4938 Ε·
1736 4878 1875 4938 loris
1927 4877 2171 4939 bonitate
2197 4920 2217 4946 ,
2275 4898 2503 4962 aptaque
2521 4875 2898 4958 ‘membrorum
2934 4887 3197 4944 proper».

164 4951 465 5010 ⁴nobasrlms
500 4949 571 5019 ό·
623 4958 683 5008 L.
716 4955 964 5008 Licinius
1021 4953 1236 5028 craffus
1288 4949 1525 5024 censores
1564 4951 1633 5010 de
1732 4951 1886 5012 tione
1924 4952 2214 5016 cernitur,-
2253 4953 2356 5014 alm
2385 4967 2630 5026 partium
2691 4945 3010 5020 singularum
3037 4979 3062 4999 ‚
3105 4947 3176 5006 1-

166 5025 495 5087 aeuncendis
544 5022 847 5088 rhetoribus
884 5028 1121 5094 Latinis,
1142 5031 1235 5085 in
1272 5024 1571 5088 edixemnt
1606 5044 1621 5082 ε
1732 5023 1855 5085 dem
1872 5061 1898 5082 a
