4359 6321
1327 496 1491 589 168
2119 484 2355 576 DE
2484 482 3438 575 ORATORE

1189 612 1482 685 diffimile
1533 626 1962 699 caeterorum3
2013 606 2382 686 cujusmodi
2432 602 2510 669 de
2561 601 2699 690 ipso
2755 603 2899 679 jure
2950 602 3127 670 civili
3184 600 3480 670 hesterno
3530 598 3638 672 die
3688 595 3949 673 Crassus
4002 626 4167 679 com.

1187 717 1341 807 poni
1393 712 1557 801 poffe
1615 712 1930 780 dicebat:
1983 726 2058 775 ut
2115 725 2358 797 genera
2416 724 2639 771 rerum
2692 706 2984 791 primum
3034 720 3571 792 exponerentur,
3626 705 3885 797 in'quo
3942 706 4173 783 vitium

1187 816 1321 901 est,
1379 814 1425 880 fi
1484 834 1694 903 genus
1743 812 1963 879 ullum
2017 808 2601 897 praetermittatur:
2660 806 2898 873 deinde
2954 804 3367 893 {iugulorum
3419 826 3740 896 generum
3793 825 4053 897 parteS,
4104 814 4171 881 in

1194 938 1326 1007 quo
1380 919 1450 986 &
1511 914 1715 983 deeffe
1771 914 2064 1002 aliquam
2103 926 2400 997 partem,
2456 912 2526 978 δε
2591 906 2936 993 superare,
2992 906 3383 974 mendosum
3438 910 3565 975 estt
3620 925 3762 977 tum
3824 908 4173 981 verborum

1188 1018 1496 1087 omnium
1550 1016 1961 1083 definitiones
1998 1065 2019 1099 ,
2092 1014 2161 1076 in
2218 1008 2456 1098 quibus
2532 1027 2745 1097 neque
2818 1008 3019 1076 abesse
3072 1008 3435 1100 quidquam
3484 1010 3668 1077 decet
3707 1064 3729 1096 ,
3799 1032 4012 1101 neque
4080 1034 4169 1083 re.

1191 1120 1527 1188 dundare.
2301 1116 2308 1121 '

1289 1226 1438 1288 XX.
1495 1219 1618 1287 Sed
1677 1217 1800 1285 hoc
1855 1217 1924 1282 in
1981 1216 2120 1292 jure
2173 1210 2417 1299 civili,
2486 1210 2535 1278 fi
2584 1209 2787 1304 etiam
2855 1210 2925 1275 in
2995 1212 3215 1298 parvis
3288 1228 3401 1281 aut
3474 1211 3921 1281 mediocribus
3990 1213 4173 1284 rebus

1185 1322 1504 1389 doctiores
1557 1320 1793 1407 assequi
1845 1316 2153 1405 poffunt3
2226 1334 2359 1378 non
2412 1312 2589 1380 idem
2644 1310 2849 1381 sentio
2920 1328 3099 1379 tanta
3182 1316 3309 1383 hac
3366 1317 3435 1381 in
3486 1338 3559 1384 re
3614 1368 3634 1403 ,
3706 1332 3985 1407 tamque
4058 1318 4171 1383 im-

1183 1420 1412 1493 mensa
1466 1421 1630 1507 poss‘e
1681 1421 1867 1487 fieri.
1927 1421 2044 1485 Sin
2097 1430 2325 1481 autem
2376 1416 2489 1505 qui
2551 1412 2949 1482 arbitrantur
2988 1468 3009 1499 ,
3062 1415 3428 1486 deducendi
3490 1416 3637 1485 sunt
3697 1418 3779 1482 ad
3834 1440 3955 1486 eos
3996 1472 4017 1504 ,
4070 1417 4175 1507 qui

1183 1526 1321 1593 haec
1372 1522 1607 1588 docent
1647 1570 1662 1587 .
1723 1520 1974 1586 Omnia
2030 1518 2164 1594 jam
2217 1516 2547 1605 explicata
2600 1518 2669 1585 ὅ(
2734 1516 3049 1603 perpolita
3108 1518 3514 1609 assequentur
3556 1566 3573 1585 .
3630 1528 3798 1585 Sunt
3850 1521 4032 1585 enini
4082 1522 4173 1584 in-

1183 1622 1627 1707 numerabiles
1685 1622 1765 1687 de
1814 1621 1917 1688 his
1968 1614 2164 1685 rebus
2215 1601 2422 1705 libri,
2492 1638 2701 1707 neque
2753 1615 2945 1682 abditi
2988 1668 3009 1701 ,
3064 1639 3274 1709 neque
3330 1618 3588 1686 obscuri
3638 1669 3660 1715 3
3728 1620 3856 1687 Sed
3910 1622 4175 1687 videant

1183 1728 1341 1816 quid
1399 1726 1652 1810 velint,
1703 1722 1784 1788 ad
1839 1719 2334 1806 ludendumne,
2389 1740 2475 1786 an
2530 1720 2617 1787 ad
2674 1717 3109 1807 pugnandum
3148 1742 3331 1790 arma
3388 1723 3509 1787 sint
3552 1720 3921 1809 sumpturi.
3975 1718 4179 1787 Aliud

1183 1830 1361 1896 enim
1413 1846 1656 1916 pugna
1726 1826 1796 1895 δ(
1854 1826 2076 1891 aciest
2150 1824 2335 1890 aliud
2408 1822 2610 1892 ludus
2680 1818 3084 1908 campusque
3165 1823 3375 1889 noster
3444 1818 3795 1887 desiderat.
3856 1822 4183 1887 Attamen

1188 1950 1293 1995 ars
1345 1930 1478 2015 ipsa
1531 1927 1782 1996 ludicra
1837 1946 2229 2011 armorum,
2278 1927 2349 1995 δε
2412 1921 2799 2013 gladiatori,
2858 1922 2929 1987 ὃ(
2974 1920 3169 1986 militi
3223 1920 3474 2010 prodest
3529 1920 3815 2008 aliquid:
3876 1921 3985 1985 sed
4044 1922 4177 1988 ani-

1187 2054 1339 2099 mus
1393 2050 1536 2097 acer
1579 2083 1601 2115 ,
1653 2032 1722 2098 &
1781 2026 2056 2115 praesens
2095 2080 2116 2110 ‚
2190 2030 2260 2096 &
2324 2040 2561 2091 acutus
2612 2023 2790 2089 idem
2844 2036 3041 2109 atque
3116 2022 3421 2090 versutus
3476 2019 3759 2089 invistos
3816 2022 3999 2089 viros
4048 2022 4173 2090 effi·

1185 2137 1316 2215 cit,
1367 2153 1505 2194 non
1557 2128 1896 2196 difficilius
1951 2141 2094 2192 arte
2143 2126 2540 2203 conjunua.
3932 2138 3943 2149 ·

1285 2236 1518 2315 Quare
1575 2250 1707 2318 ego
1761 2225 1878 2293 tibi
1930 2240 2259 2293 oratorem
2312 2226 2399 2292 fic
2458 2226 2595 2304 iam
2646 2222 2980 2292 instituam
3017 2277 3038 2312 ,
3090 2225 3137 2293 si
3194 2242 3469 2315 potuero
3504 2279 3529 2314 ,
3578 2242 3691 2309 ut,
3746 2226 3914 2315 quid
3968 2224 4169 2294 effice-

1181 2355 1254 2401 re
1307 2332 1490 2420 possit
1533 2385 1554 2417 ,
1621 2346 1774 2397 ante
1825 2325 2215 2418 perspiciam
2250 2374 2269 2393 .
2345 2328 2443 2395 Sit
2493 2328 2675 2393 enim
2731 2328 2894 2393 mihi
2966 2338 3169 2416 (31)
3253 2328 3494 2396 tinctus
3548 2327 3755 2394 literis
3797 2354 3820 2414 3
3892 2328 4169 2395 audierit

1186 2433 1438 2525 aliquid
1478 2484 1499 2519 ,
1572 2432 1807 2520 legerit
1849 2482 1870 2515 ,
1944 2428 2062 2493 ista
2113 2427 2249 2514 ipsa
2300 2446 2619 2513 praecepta
2672 2430 3048 2514 acceperit:
3127 2428 3387 2495 tentabo
3456 2428 3610 2518 quid
3678 2446 3842 2495 eum
3894 2431 4167 2513 deceat,

1185 2538 1339 2626 quid
1395 2553 1561 2599 voce
1601 2583 1620 2616 ,
1671 2530 1829 2618 quid
1887 2521 2137 2594 viribus
2179 2579 2202 2611 ,
2251 2525 2411 2614 quid
2463 2525 2686 2613 spiritu
2730 2580 2752 2612 ,
2822 2529 2980 2616 quid
3033 2528 3262 2619 lingua
3314 2528 3577 2597 efficere
3632 2528 3817 2618 poffit
3859 2579 3875 2596 .
3956 2534 4022 2597 Si
4070 2532 4165 2596 in·

1187 2634 1490 2719 telligam
1545 2629 1715 2718 poffe
1765 2626 1846 2693 ad
1898 2624 2197 2694 summos
2252 2629 2643 2714 pervenire.-
2706 2648 2839 2694 non
2898 2631 3107 2698 solum
3160 2630 3501 2717 hortabor,
3550 2647 3627 2699 ut
3674 2630 4005 2720 elaboret,
4060 2629 4163 2697 sed

1182 2734 1431 2815 etiam,
1489 2729 1535 2796 fi
1591 2732 1692 2796 vir
1742 2747 2004 2818 quoque
2061 2728 2225 2795 mihi
2282 2728 2489 2795 bonus
2546 2726 2906 2814 videbitur,
2954 2731 3333 2797 obsecrabo.
3398 2736 3700 2798 Tantum
3754 2754 3883 2821 ego
3936 2735 4003 2800 in
4056 2754 4164 2799 ex-

1181 2836 1463 2905 cellente
1517 2845 1778 2899 oratore
1820 2881 1842 2913 ‚
1892 2830 1962 2897 δι
2021 2830 2253 2897 eodem
2306 2830 2449 2893 viro
2505 2828 2679 2893 bono
2722 2881 2742 2913 ,
2816 2849 2990 2912 pono
3040 2830 3163 2895 effe
3215 2834 3585 2895 ornamenti
3637 2833 3951 2899 universae
4005 2834 4167 2901 civi-

1183 2940 1339 3003 tati:
1396 2936 1510 3001 Sin
1564 2928 1888 2999 videbitur
1926 2980 1949 3015 ,
2000 2940 2197 3020 (32)
2252 2948 2409 2998 curn
2464 2929 2692 2994 omnia
2744 2924 3003 2993 summa
3060 2927 3281 2994 fecerit
3316 2980 3337 3011 ,
3391 2946 3613 2993 tamen
3670 2926 3750 2992 ad
3800 2930 4167 3000 mediocres

1185 3052 1474 3103 oratores
1520 3034 1641 3101 esse
1681 3048 2040 3100 venturus:
2099 3032 2479 3119 permittam
2528 3028 2687 3116 ipsi,
2741 3026 2896 3116 quid
2954 3029 3149 3113 velit;
3203 3026 3515 3095 molestus
3570 3048 3972 3117 magnopere
4026 3054 4167 3097 non

1185 3137 1499 3229 erm-Sin
1557 3135 1754 3223 plane
1805 3130 2211 3217 abhorrebit,
2268 3135 2337 3202 &
2394 3132 2514 3200 erit
2568 3128 2927 3196 absurdus:
2980 3146 3056 3196 ut
3109 3128 3172 3197 se
3224 3132 3553 3198 contineat
3594 3183 3616 3217 ,
3666 3144 3780 3197 aut
3836 3128 3923 3197 ad
3984 3131 4161 3202 aliud

1185 3239 1473 3307 studium
1529 3236 1887 3304 transferat
1924 3287 1945 3321 ,
1997 3233 2391 3302 admonebo.
2446 3237 2624 3300 Nam
2676 3254 2888 3322 neque
2940 3233 2994 3298 is
3036 3286 3057 3318 ‚
3107 3231 3222 3322 qui
3274 3233 3517 3320 optIme
3570 3231 3805 3320 potest,
3861 3231 4161 3300 deseren-

1183 3341 1306 3408 dus
1359 3341 1500 3409 ullo
1552 3337 1750 3406 modo
1798 3335 1890 3404 est
1939 3357 1977 3402 a
2031 3337 2477 3404 cohortatione
2533 3331 2745 3402 nostra
2787 3360 2805 3420 ;
2858 3353 3070 3422 neque
3121 3337 3175 3400 is
3213 3387 3235 3420 ,
3292 3336 3402 3423 qui
3460 3333 3704 3423 aliquid
3756 3333 4000 3422 potest,
4055 3333 4159 3400 de·

1183 3443 1580 3512 terrendus:
1633 3439 1806 3532 quod
1857 3441 2185 3524 alterum,
2238 3438 2597 3506 divinitatis
2648 3437 2811 3502 mihi
2864 3435 3213 3512 cujusdam
3270 3435 3573 3505 videtur:
3648 3434 3935 3508 alterum
3974 3489 3993 3521 ,
4048 3433 4155 3502 vel

1181 3565 1318 3614 non
1375 3545 1592 3612 facere
1645 3541 1821 3632 quod
1877 3563 2011 3608 non
2067 3542 2315 3630 optime
2369 3538 2555 3626 poffis
2594 3591 2615 3625 ,
2680 3537 2788 3605 vel
2842 3537 3057 3608 facere
3128 3535 3305 3628 quod
3377 3557 3513 3605 non
3584 3535 3843 3624 peffime
3894 3535 4097 3604 facias
4135 3588 4156 3619 ‚

1179 3645 1612 3711 humanitatis
1657 3669 1670 3705 :
1747 3644 2011 3712 tertium
2064 3663 2220 3708 vero
2275 3637 2441 3707 illud
2482 3692 2502 3725 ,
2571 3639 2858 3708 cla-mare
2912 3655 3140 3708 contra
3196 3661 3397 3730 quam
3450 3637 3729 3722 deceat,
3804 3639 3873 3708 δε
3950 3657 4155 3728 quam

1181 3745 1360 3835 poffit
1399 3795 1418 3827 ,
1471 3741 1757 3811 hominis
1813 3741 1947 3826 est,
1999 3757 2076 3809 ut
2129 3759 2200 3808 tu
2241 3796 2260 3826 ‚
2312 3741 2591 3829 Catule,
2647 3743 2731 3808 de
2786 3743 3082 3832 quodam
3132 3742 3573 3810 declamatore
3623 3738 3839 3807 dixisti
3876 3793 3897 3824 ,
3948 3737 4155 3804 stulti-

1180 3849 1280 3912 tiae
1343 3843 1465 3911 suat
1519 3863 1718 3933 quam
1775 3841 2104 3927 plurimos
2151 3844 2341 3912 testes
2390 3843 2747 3910 domestico
2800 3843 3125 3929 praeconio
3174 3841 3549 3928 colligentis
3584 3888 3601 3905 .
3673 3841 3777 3906 De
3828 3839 3960 3907 hoc
4032 3838 4153 3928 igi-

1180 3963 1340 4030 tur,
1394 3947 1506 4036 qui
1559 3945 1680 4010 erit
1731 3941 1924 4028 talis,
1971 3961 2047 4010 ut
2098 3944 2551 4014 cohortandus
2610 3941 3165 4030 adiuvandusque
3216 3941 3335 4025 fit,
3386 3942 3475 4004 ita
3514 3939 3911 4028 loquamur,
3968 3957 4041 4013 ut
4096 3937 4157 4005 ei

1184 4049 1524 4113 tradamus
1579 4065 1653 4110 ea
1705 4042 2086 4130 duntaxat,
2133 4069 2279 4134 quae
2330 4041 2455 4112 ῃοὲ
2508 4043 2661 4113 usu's
2716 4040 2940 4110 docuit
2992 4094 3013 4125 ,
3065 4057 3138 4106 ut
3191 4037 3376 4106 nobis
3424 4037 3701 4105 ducibus
3754 4040 3980 4104 veniat
4030 4061 4157 4124 en,

1183 4169 1317 4238 quo
1369 4148 1499 4215 sine
1547 4147 1714 4214 duce
1767 4143 1882 4232 ipsi
1937 4150 2359 4233 pervenimus
2398 4199 2418 4234 ,
2492 4144 2807 4236 quoniam
2861 4140 3131 4211 meliora
3184 4139 3419 4210 docere
3469 4157 3603 4206 non
3656 4134 4033 4228 poffumus.

3662 4333 3667 4338 ἡ
3862 4241 4057 4308 xxi.

1187 4387 4140 4431 w

1181 4431 4151 4472 ῴῂ-ῇ--ᾞψ-ψ-ύ

1189 4585 1202 4594 ‚
1252 4522 1419 4587 (31)
1475 4523 1704 4596 Tinc'lus
1759 4522 1936 4576 lateris
1975 4527 2004 4585 )
2073 4521 2290 4577 Contra
2356 4519 2613 4578 Budaeum
2714 4521 3049 4578 Ciceronem
3088 4517 3266 4582 velle.
3303 4521 3444 4589 Lege
3480 4515 3647 4586 igitur
3672 4529 3795 4570 cum
3832 4511 4148 4574 Mss.Cant-

1185 4585 1329 4644 zstaec
1367 4587 1604 4660 explicat
1643 4595 1703 4649 P.
1741 4592 2046 4656 Vicloriu5‚
2085 4593 2213 4649 Var.
2252 4593 2397 4648 Lec‘t.
2430 4611 2483 4648 x.
2531 4612 2611 4657 ¹7·
2718 4594 2908 4662 vvag.
2948 4591 3112 4649 Harl.
3152 4594 3207 4645 δ(
3246 4591 3415 4664 Joan.
3449 4607 3575 4643 cum
3612 4587 3796 4644 omnia
3834 4582 4035 4643 summe
4062 4579 4148 4651 fe-

1179 4665 1347 4715 (ἕνην.

1255 4733 1282 4790 (
1301 4736 1417 4802 32)
1457 4738 1598 4788 Cum
1637 4737 1823 4789 omnia
1861 4731 2065 4789 summe
2101 4731 2298 4801 fecerit
2334 4738 2480 4797 ὄις.)
2518 4733 2609 4792 Ut

1173 4795 1230 4857 se
1266 4799 1427 4881 habet
1467 4803 1676 4874 vulgata
1711 4803 1877 4861 lectio
1901 4801 2154 4874 summa,
2190 4803 2460 4870 nifallor,
2499 4806 2609 4864 Ci-

1171 4891 1302 4947 cero
1337 4871 1482 4930 aliud
1519 4873 1678 4942 dicit,
1709 4895 1764 4933 ac
1801 4875 1984 4932 dicere
2021 4875 2172 4932 vult.
2211 4881 2417 4932 Omnia
2443 4875 2608 4948 sum-

1171 4961 1270 4998 ma
1306 4943 1485 5022 facere
1507 4985 1524 5011 ,
1555 4945 1633 5004 est
1666 4987 1682 5012 ,
1735 4944 1836 5004 effe
1872 4943 2166 5016 perfectum
2220 4945 2280 5003 in
2320 4947 2387 5004 iis
2424 4947 2606 5015 rebus,

1173 5031 1299 5082 quas
1335 5034 1452 5095 quis
1485 5018 1824 5087 aggreditur.
1877 5017 1980 5076 Sed
2015 5034 2163 5089 patet
2198 5035 2267 5074 ex
2309 5018 2487 5076 verbis
2522 5018 2609 5076 se·-

1167 5087 1486 5158 quennbus,
1523 5103 1714 5150 tamen
1750 5091 1829 5146 ad
1863 5088 2145 5160 mediocres
2184 5093 2295 5147 διε.
2341 5111 2459 5149 non
2498 5089 2607 5150 hoc

2712 4668 2881 4730 cerie,
2922 4664 2979 4720 id
3015 4662 3093 4721 est
3118 4701 3135 4729 ,
3174 4681 3295 4723 eum
3329 4657 3514 4717 omnia
3564 4658 3857 4716 tentaverit
3904 4657 4143 4717 obnixe,

2713 4741 2770 4792 ὅ(
2806 4735 3048 4792 manibus
3082 4741 3192 4800 (ut
3228 4736 3424 4806 ajtint)
3460 4728 3785 4802 pedibusque
3816 4770 3831 4785 .
3870 4726 4011 4788 Fieri
4056 4745 4145 4782 ve-

2712 4825 2777 4884 ro
2814 4803 2997 4887 potest
3027 4845 3045 4872 ,
3077 4825 3135 4865 ut
3165 4848 3181 4873 ‚
3240 4801 3427 4877 aliquis
3464 4805 3597 4862 totis
3650 4801 3853 4859 viribus
3886 4815 4141 4860 conetur,

2710 4875 2861 4938 nihil
2897 4895 3075 4935 tamen
3112 4877 3393 4951 proficiat.
3428 4875 3800 4946 Paffim.apud
3818 4875 4141 4936 Ciceronem

2709 4969 3039 5015 occurrunt,
3062 4948 3279 5020 summe
3323 4955 3645 5017 sollicitare,
3670 4945 3891 5020 summe
3918 4959 4142 5004 conten-

2712 5021 2841 5080 dere
2874 5025 2982 5080 ὄις.
3022 5027 3281 5080 Pearcius
3301 5061 3317 5078 .
