4359 6321
1516 1670 1814 1765 DE

441 1885 625 2054 O
825 1886 1020 2053 R
1231 1885 1404 2057 A
1605 1887 1778 2061 T
1974 1888 2164 2063 Ο
2365 1887 2557 2066 R
2763 1888 3022 2103 E„

745 2189 2621 2325 Lzssffasecvnovs.

194 2404 244 2468 I.
1030 2408 1294 2473 AGNA
1352 2404 1537 2475 nobis
1587 2409 1848 2495 pueris,
1895 2408 2148 2489 Quinte
2200 2406 2446 2498 frater,
2497 2410 2544 2479 fi
2586 2413 2904 2481 memoria
2947 2427 3180 2498 tenes,

1023 2509 1294 2595 ·opinio
1346 2510 1472 2575 fuit
1517 2561 1538 2592 ,
1607 2513 1685 2575 L.
1706 2507 2028 2576 Crassum
2080 2529 2218 2575 non
2268 2510 2418 2598 plus
2471 2512 2766 2601 attigisse
2818 2512 3131 2580 doctrina:
3154 2517 3182 2593 ,'

1064 2628 1269 2698 quam
1338 2627 1661 2699 quantum
1716 2611 1925 2696 prima
1996 2607 2115 2676 illa
2163 2611 2399 2700 puerili
2469 2612 2881 2694 institutione
2933 2611 3175 2699 potuis·

1065 2709 1157 2774 set
1213 2734 1232 2774 ι
1302 2711 1401 2776 Μ.
1441 2726 1669 2776 autem
1716 2710 2094 2784 Antonium
2157 2712 2439 2779 omnino
2501 2713 2724 2780 omnis
2792 2711 3175 2781 eruditionis

1067 2823 1408 2897 expertem
1444 2861 1465 2895 ,
1538 2826 1733 2899 atque
1801 2810 2118 2900 ignarum
2190 2811 2445 2880 fuisse:
2528 2831 2849 2903 erantque
2918 2809 3180 2902 multi,

1057 2912 1214 3000 qui,
1265 2929 1646 3001 quanquam
1700 2931 1834 2977 non
1883 2913 1975 2979 ita
2028 2912 2094 2981 se
2144 2933 2291 2981 rem
2339 2910 2585 2982 habere
2633 2914 3108 2984 arbitrarentur
3149 2961 3178 2998 ,

1057 3025 1332 3099 tamen,
1381 3030 1516 3104 quo
1569 3012 1837 3081 facilius
1890 3034 2012 3083 nos
2062 3015 2370 3085 incensos
2420 3013 2629 3085 studio
2661 3012 2927 3085 dicendi
2980 3034 3019 3081 a
3048 3010 3170 3080 do-

1054 3112 1265 3178 &rina
1319 3113 1726 3182 deterrerent
1763 3166 1784 3201 ,
1860 3115 2136 3187 libenter
2192 3115 2259 3183 id
2300 3171 2321 3202 ,
2384 3115 2563 3208 quod
2616 3115 2755 3184 dixi
2807 3169 2830 3204 ,
2900 3113 2980 3181 de
3033 3112 3190 3182 illis·

170 3198 536 3273 oratoribus
588 3203 1062 3290 praedicarent;
1128 3228 1245 3296 ut,
1296 3212 1342 3276 fi
1392 3213 1693 3283 homines
1746 3235 1882 3282 non
1933 3218 2176 3285 eruditi
2228 3217 2565 3284 summam
2611 3217 2831 3284 essent
2878 3215 3169 3303 ‚pruden-

170 3307 338 3371 tiam
391 3320 588 3391 atque
643 3303 1096 3372 incredibilem
1145 3310 1599 3398 eloquentiam
1650 3312 2028 3399 consecuti,
2079 3318 2295 3381 inanis
2348 3317 2566 3380 omnis
2618 3314 2831 3381 noster
2882 3312 3023 3378 esse
3073 3313 3173 3377 la-

164 3406 283 3473 bor
321 3460 343 3490 ,
419 3409 487 3474 &
551 3403 829 3482 stultum
880 3410 952 3473 in
1005 3406 1190 3476 nobis
1241 3410 1622 3479 erudiendis
1672 3413 1879 3500 patris
1930 3412 2197 3497 nostri,
2266 3413 2501 3498 optimi
2576 3432 2652 3476 ac
2703 3407 3172 3497 prudentiffimi

157 3509 326 3594 viri,
377 3504 677 3573 studium
729 3507 1061 3575 videretur
1099 3558 1115 3577 .
1174 3513 1361 3595 Quos
1416 3525 1562 3581 tum
1601 3562 1623 3596 ,
1673 3527 1748 3578 ut
1799 3514 2039 3599 pueri,
2088 3511 2381 3579 refutare
2435 3508 2794 3580 domesticis
2850 3503 3111 3577 testibus
3149 3556 3171 3593 ,

154 3629 389 3696 patre,
454 3610 524 3676 &
578 3612 657 3673 C.
680 3610 1034 3675 Aculeone
1083 3613 1460 3701 propinquo
1506 3612 1772 3698 nostro,
1829 3614 1898 3681 ὅ(
1947 3613 2370 3681 LCicerone
2420 3629 2703 3701 patruo,
2755 3607 3170 3696 solebamus;

160 3711 336 3800 quod
385 3711 472 3777 de
521 3708 744 3775 Crasso
793 3728 1017 3797 pater,
1070 3715 1139 3780 &
1200 3713 1497 3798 Acule0,
1547 3712 1662 3798 (1)
1712 3733 2003 3803 quocum
2057 3730 2197 3780 erat
2252 3710 2465 3778 nostra
2522 3727 2916 3796 matertera,
2966 3731 3169 3798 quem

161 3813 422 3879 Crassus
476 3808 706 3876 dilexit
775 3833 861 3878 ex
913 3811 1220 3878 omnibus
1270 3814 1640 3903 plurimum
1681 3864 1704 3899 ,
1773 3815 1843 3881 &
1920 3827 2195 3902 patruus
2232 3866 2253 3899 ,
2325 3814 2441 3901 qui
2508 3833 2676 3880 cum
2727 3813 3028 3878 Antonio
3100 3813 3169 3878 in

161 3915 473 3981 Ciliciam
526 3911 859 4000 proferens
912 3934 1040 3980 una
1100 3924 1250 4001 (ι)
1304 3913 1694 4001 deuefferat,
1746 3916 1959 3981 multa
2009 3912 2196 3983 nobis
2243 3912 2325 3981 de
2367 3914 2518 3992 eius
2570 3912 2785 3982 studio
2834 3910 3163 3979 dostr’ina·

159 4039 288 4103 que
344 4018 506 4104 saepe
558 4016 908 4082 narravit:
984 4036 1273 4105 cumque
1326 4037 1447 4083 nos
1497 4038 1657 4085 cum
1713 4015 2112 4084 consobrinis
2169 4015 2405 4083 nostris
2448 4068 2467 4102 ,
2524 4015 2891 4083 Aculeonis
2945 4013 3103 4080 filiis
3146 4069 3169 4102 ,

162 4121 228 4185 &
286 4138 366 4185 ea
416 4114 809 4184 disceremus
850 4168 871 4203 ,
920 4140 1061 4207 quae
1080 4118 1296 4185 craffo
1347 4117 1725 4206 placerent,
1775 4121 1958 4190 &ab
1977 4119 2084 4185 his
2103 4115 2524 4202 doctoribus,
2572 4113 2809 4208 quibus
2860 4114 2977 4183 ille
3025 4131 3168 4185 ute-1

162 4235 340 4286 retur
383 4272 402 4304 ,
456 4217 875 4286 erudiremur
922 4274 942 4306 ,
989 4221 1191 4286 etiam
1245 4218 1415 4285 illud
1476 4220 1630 4308 saepe
1683 4221 2145 4288 intelleximus
2218 4232 2427 4309 (cum
2478 4219 2752 4287 effemus
2801 4216 3169 4309 ejusmodi,

163 4322 329 4407 quod
391 4320 496 4387 vel
550 4321 739 4406 pueri
799 4318 1032 4388 sentire
1086 4332 1528 4409 poteramus)
1599 4321 1795 4388 illum
1865 4323 1939 4392 δε
1997 4327 2232 4390 Graece
2304 4320 2390 4388 fic
2444 4320 2628 4410 loqui
2678 4373 2700 4407 ,
2771 4318 3039 4488 ηιιῙΙειῈ
3092 4341 3165 4391 ut

2886 4440 2981 4488 no
3029 4443 3067 4489 e

184 4606 3142 4657 w

231 4772 358 4835 (1)
396 4775 657 4846 Quocum
712 4786 834 4827 erat
890 4773 1074 4843 nostra
1114 4774 1615 4853 materterayQui
1716 4793 1958 4831 mortuus
2022 4778 2241 4833 iuerat:
2301 4773 2507 4834 Cicero
2562 4771 2709 4829 enim
2764 4771 2863 4828 ille
2918 4789 3163 4841 patruus,

157 4841 336 4895 matris
392 4842 596 4898 nostrae
655 4838 896 4900 sororem
951 4846 1176 4904 habebat
1226 4848 1293 4905 in
1332 4865 1614 4908 matrimo-
1716 4845 1777 4903 in
1829 4846 2054 4918 patriam
2107 4847 2321 4911 redux,
2382 4845 2632 4903 narrabat
2672 4886 2687 4907 ,
2724 4841 3166 4919 quemadmodum

178 4911 308 4965 ΜΟ·
349 4911 637 4980 Frusteus.
1719 4918 2000 4977 Antonius
2042 4917 2286 4977 Athenis
2327 4921 2382 4975 δε
2424 4916 2619 4977 Rhodi
2655 4912 2710 4970 se
2745 4911 3171 4969 dostrffimorum

225 4987 351 5046 (ι)
391 4981 738 5054 Dec-efferat)
777 4985 847 5046 Id
884 4987 993 5054 est,
1035 4989 1227 5047 itineri
1281 4987 1338 5047 se
1388 4987 1616 5047 commi-
1732 4989 2019 5049 hominum
2057 4988 2399 5049 'sermonibus
2439 4985 2702 5046 dedisset»
2742 4986 2957 5052 Idem-j

161 5050 333 5117 serats
377 5075 493 5113 non
536 5075 709 5117 autem
738 5099 756 5127 ,
782 5078 842 5119 ut
877 5060 1092 5132 quidam
1133 5063 1571 5135 interpretantur
1601 5100 1620 5128 .
