4359 6321
1147 514 1160 530 ·
1237 513 1362 612 30
1573 401 1609 424 ⁸
1730 475 1903 566 DE
1950 467 2745 563 INVENTIONE
2804 459 3543 555 RHETORIGA

1109 607 1340 698 politio
1387 597 1636 687 indiget
1689 593 2162 685 approbationis
2200 640 2216 655 .
2290 593 2449 658 Non
2504 589 2683 656 enirn
2742 583 3075 674 perspicua
3128 580 3219 650 est
3262 635 3281 666 ,
3350 601 3563 672 neque
3628 578 3879 666 constat
3952 583 4124 652 inter

1105 723 1336 776 omnes
1376 755 1400 787 ,
1466 714 1798 789 propterea
1841 697 2040 787 ⁴quod
2075 689 2299 760 multi
2371 687 2538 758 nihil
2594 688 2875 778 prodeffe
2952 681 3435 772 Philosophiam
3472 733 3497 768 ,
3546 681 3847 774 plerique
3918 688 4129 756 etiam

1102 804 1309 874 ›obeffe
1364 801 1808 870 arbitrantur.
1869 795 2237 882 Affumptio
2288 791 2623 880 perspicua
2676 789 2769 858 est
2818 789 2995 856 haec:
3050 788 3327 884 Oportet
3380 785 3918 875 autemsapere.
3976 793 4130 860 Hoc

1038 973 1046 981 ,
1104 923 1330 977 autem
1379 904 1534 996 quia
1591 901 1804 992 ipsum
1857 920 1944 965 ex
1995 917 2070 964 re
2123 895 2512 983 perspicitur
2552 945 2572 974 ‚
2626 894 2698 961 &
2759 910 2999 958 verum
3048 887 3167 956 effe
3220 885 3697 978 intelligitur'‚
3750 891 3919 958 nihil
3972 895 4133 962 atti·

1105 1026 1218 1078 net
1276 1004 1651 1106 approbari.
1706 1006 1938 1087 Quare
1985 997 2205 1065 statim
2256 994 2709 1063 concludenda
2763 993 2853 1058 est
2906 990 3431 1082 argumentatio:
3485 989 3705 1079 Igitur
3760 991 3919 1062 dare
3975 1015 4127 1084 ope-

1103 1133 1256 1182 ram
1310 1103 1742 1194 Philolbphiae
1789 1099 2100 1170 convenit
2134 1145 2152 1162 .
2234 1095 2343 1162 Est
2393 1115 2555 1182 ergo
2608 1093 2950 1180 affumptio
3004 1093 3296 1183 quaedam
3340 1144 3363 1179 ‚
3428 1115 3571 1183 quae
3642 1094 4131 1185 approbationis

1103 1235 1239 1280 non
1292 1207 1578 1296 indiget.
1635 1209 1816 1272 Nam
1867 1197 2208 1292 quandam
2232 1197 2576 1286 indigere,
2628 1195 3045 1285 perspicuum
3097 1194 3225 1262 est.
3280 1200 3597 1284 separata
3642 1197 3736 1264 est
3788 1200 3992 1288 igitur
4044 1199 4131 1270 ab

1101 1309 1530 1398 assumptione
1583 1305 1964 1408 approbatio
1997 1349 2021 1369 .
2095 1299 2375 1368 Falsum
2420 1318 2589 1388 ergo
2638 1296 2733 1366 est
2772 1351 2794 1386 ,
2865 1319 2999 1374 non
3050 1297 3173 1366 effe
3222 1297 3371 1386 plus
3444 1319 3656 1388 quam
3723 1304 4133 1390 tripartitam

1099 1410 1804 1503 argumentationem.
1907 1464 1920 1472 .
3170 1443 3173 1446 -

1201 1515 1560 1580 XXXVII.
1629 1513 1856 1600 Atque
1913 1527 2009 1575 -ex
2065 1505 2170 1572 his
2217 1503 2383 1574 illud
2432 1504 2570 1582 iarn
2624 1500 3051 1592 perspicuum
3098 1501 3191 1569 est
3238 1553 3261 1586 ‚
3326 1499 3448 1576 esse
3514 1502 3859 1594 quandam
3924 1527 4133 1594 argn-

909 1691 920 1700 ‚
987 1597 994 1604 ’
1097 1614 1578 1686 mentationem
1625 1664 1648 1697 ,
1695 1614 1762 1679 in
1816 1632 1948 1700 qua
1993 1628 2212 1698 neque
2260 1604 2663 1696 propofiti0‚
2710 1624 2922 1694 neque
2975 1603 3319 1689 assumptio
3372 1604 3666 1693 indigeat
3718 1604 4133 1693 approbatio·

970 1787 972 1790 ,
1097 1718 1251 1784 nis.
1303 1713 1756 1800 Huiusmodi,
1804 1729 1880 1780 ut
1931 1721 2190 1778 certum
2242 1705 2727 1798 quiddam,t&
2784 1704 3025 1789 breve,
3070 1704 3361 1790 exempli
3414 1705 3659 1786 causa,
3708 1729 4043 1793 ponamus
4109 1733 4133 1775 t

1063 1808 1148 1898 Ji
1206 1817 1634 1906 summopere
1683 1813 1996 1904 sapientia
2049 1812 2332 1900 petenda
2381 1808 2474 1874 est
2511 1862 2535 1893 ,
2608 1805 3025 1895 summopere
3078 1805 3347 1875 stultitia
3406 1805 3667 1875 vitanda
3714 1805 3808 1872 est
3843 1857 3857 1872 .
3913 1815 4127 1875 Sum-

1105 1941 1222 1984 mo
1267 1933 1497 1986 autem
1547 1937 1740 2005 opere
1794 1914 2104 2000 sapientia
2155 1908 2438 2000 petenda
2488 1909 2579 1976 est
2631 1933 2652 1974 t
2707 1911 2971 1976 summo
3019 1909 3227 1994 igitur
3282 1929 3477 1993 opere
3529 1909 3799 1973 stultitia
3852 1910 4138 1976 vitanda.

1098 2018 1237 2086 est.
1295 2020 1426 2084 Hie
1482 2021 1552 2087 ὅ(
1609 2017 1996 2104 affumptiO,
2049 2015 2119 2082 &
2176 2010 2531 2101 propositio
2578 2007 2916 2096 perspicua
2966 2006 3053 2072 est
3096 2029 3113 2068 ι
3166 2027 3369 2092 quare
3420 2022 3657 2070 neutra
3710 2027 3977 2096 quoque
4032 2013 4143 2077 in-

1093 2121 1277 2208 diget
1327 2120 1788 2206 approbatione
1829 2165 1848 2183 .
1921 2119 2024 2178 Ex
2081 2113 2201 2182 ‘his
2264 2107 2573 2180 omnibus
2640 2108 2813 2175 illud
2870 2103 3287 2194 perspicuum
3358 2103 3453 2172 est
3493 2158 3515 2189 ‚
3585 2107 4133 2194 approbationem

1093 2237 1242 2290 tum
1301 2220 1576 2308 adjungi
1621 2271 1644 2303 ,
1691 2234 1842 2286 tum
1897 2235 2028 2280 non
2079 2213 2353 2297 adjungi
2394 2255 2415 2276 .
2472 2212 2573 2275 Ex
2626 2230 2761 2297 quo
2811 2203 3244 2294 cognoscitur
3282 2260 3305 2292 ,
3352 2228 3561 2295 neque
3618 2208 3688 2274 iu
3744 2212 4141 2296 propositio-

1077 2302 1182 2389 'ne
1223 2376 1246 2408 ,
1319 2341 1528 2411 neque
1583 2319 1652 2386 in
1706 2315 2138 2404 assumptione
2186 2311 2517 2380 contineri
2574 2307 3103 2394 approbationem
3144 2358 3167 2390 ‚
3244 2307 3348 2372 sed
3406 2326 3757 2398 utramque
3806 2309 3925 2378 suo
3982 2314 4141 2382 loco

1093 2425 1375 2510 politam
1421 2475 1442 2505 ‚
1510 2422 1650 2486 vim
1707 2417 1893 2483 suam
1933 2467 1954 2498 ,
2024 2428 2349 2496 tanquam
2416 2421 2670 2470 certam
2719 2407 2791 2473 δε
2848 2407 3181 2490 propriam
3248 2405 3539 2472 obtinere
3580 2445 3599 2472 a
3665 2411 3867 2494 Q1od
3926 2414 3977 2482 fi
4036 2416 4142 2482 ita

1088 2523 1180 2590 est
1221 2573 1245 2604 ,
1309 2516 1660 2584 commode
1735 2514 1956 2600 partiti
2031 2509 2183 2574 sunt
2235 2505 2333 2571 illi
2372 2557 2399 2591 ,
2464 2506 2581 2595 qui
2657 2507 2724 2572 in
2776 2506 3067 2596 quinque
3119 2522 3341 2595 partes
3389 2503 3861 2579 distribuerunt
3912 2535 4143 2604 argu..

1089 2618 1619 2686 mentationem.
1871 2633 1876 2640 ·
2528 2665 2535 2670 .

1199 2719 1524 2809 Qinque
1581 2714 1731 2783 sunt
1783 2714 1993 2803 igitur
2043 2725 2260 2800 partes
2308 2708 2451 2787 ejus
2506 2708 3119 2797 argumentationis
3161 2714 3373 2810 (89)
3418 2762 3442 2794 ,
3488 2735 3637 2800 quae
3690 2732 3805 2798 per
3853 2717 4145 2788 ratioci-

1091 2824 1438 2891 nationem
1493 2817 1818 2886 trastatur
1863 2861 1879 2880 .
1955 2812 2311 2900 Propofiti'o
2349 2862 2375 2895 ,
2443 2831 2557 2896 per
2600 2830 2811 2899 quam
2864 2810 3053 2879 locus
3122 2810 3179 2877 is
3230 2809 3516 2878 breviter
3564 2813 3985 2904 exponitur,
4038 2840 4137 2890 ex

1091 2943 1226 3014 quo
1281 2924 1384 2988 vis
1441 2919 1666 2986 omnis
1717 2931 1974 3005 oportet
2024 2928 2291 2982 emanet
2344 2911 2867 2980 ratiocinationis
2906 2959 2929 2976 .
2996 2911 3458 3000 Propofitionis
3512 2909 3893 2999 approbatio
3931 2967 3957 2998 ,
4014 2939 4141 3003 per

1093 3041 1302 3118 quam
1354 3019 1418 3087 id
1463 3073 1483 3106 ‚
1533 3017 1713 3109 quod
1768 3017 2054 3086 breviter
2107 3013 2475 3103 expolitum
2525 3014 2621 3082 est
2658 3067 2683 3100 ,
2753 3011 3123 3081 rationibus
3170 3015 3575 3083 affirmatum
3616 3064 3645 3098 ,
3710 3011 4141 3102 probabilius

1099 3129 1173 3194 &t
1229 3123 1518 3213 apertius
1571 3119 1688 3189 fit.
1742 3119 2155 3207 Affumptio,
2206 3136 2317 3205 per
2372 3138 2577 3207 quam
2628 3115 2745 3203 id,
2792 3111 2971 3206 quod
3024 3136 3109 3183 ex
3156 3115 3591 3204 propositione
3642 3113 3727 3185 ad
3778 3114 4137 3191 ostenden-

1021 3216 1028 3225 ’
1091 3229 1258 3292 dum
1313 3226 1604 3313 pertinet
1643 3275 1669 3309 ,
1718 3223 2056 3289 affumitur
2092 3269 2112 3288 .
2171 3214 3091 3307 Affumptionisapprobatio
3128 3270 3153 3303 ,
3204 3239 3316 3305 per
3370 3236 3577 3307 quam
3628 3217 3745 3304 id,
3790 3218 3977 3309 quod
4030 3223 4139 3295 as..

1097 3325 1436 3413 sumptum
1485 3321 1622 3409 est,
1669 3323 2028 3417 rationibus
2077 3319 2486 3388 affirmatur.
2538 3320 2979 3409 complexio,
3028 3338 3143 3407 pet·
3194 3340 3398 3409 quam
3456 3319 3564 3405 id,
3611 3320 3785 3409 quod
3836 3324 4139 3393 confici·

1085 3442 1200 3493 tur
1250 3447 1338 3494 ex
1393 3424 1576 3491 omni
1631 3425 2205 3513 argumentatione
2242 3474 2271 3507 2
2332 3420 2627 3490 breviter
2678 3422 3030 3509 exponitur
3076 3453 3098 3471 ·
3172 3424 3339 3505 Qae
3390 3420 3716 3510 plurimas
3763 3421 3963 3493 habet
4024 3448 4143 3492 ar-

1095 3528 1510 3615 gumentatio
1554 3544 1772 3609 partes
1807 3580 1827 3609 ‚
1875 3547 1955 3592 ea
2009 3524 2261 3592 constat
2310 3544 2397 3591 ex
2448 3524 2557 3591 his
2604 3525 2899 3617 quinque
2951 3522 3291 3613 partibus.
3341 3520 3645 3590 Secunda
3696 3522 3793 3589 est
3844 3524 4139 3613 quadri·-

1093 3625 1334 3713 partita
1370 3667 1392 3684 .
1441 3622 1674 3683 Tertia
1726 3625 2092 3705 tripartita.
2141 3625 2317 3687 Dein
2372 3625 2729 3711 bipartita,
2778 3626 2955 3713 quod
3003 3628 3073 3692 in
3126 3624 3575 3694 controversia
3628 3622 3763 3693 est.
3822 3627 3925 3693 De
3982 3648 4143 3697 una

1080 3738 1362 3827 ‘quoque
1413 3730 1604 3805 parte
1651 3716 1856 3802 potest
1905 3717 2102 3782 alicui
2159 3718 2359 3780 videri
2412 3724 2583 3803 poffe
2628 3727 3289 3802 argumentationem
3324 3725 3716 3793 confistere.

1117 3834 1128 3847 ‘
1196 3819 1593 3891 xxxvur.
1642 3818 1900 3889 Eorum
1951 3816 2162 3903 igitur
2208 3864 2233 3898 ,
2296 3836 2439 3903 quae
2490 3814 2789 3884 constant
2846 3865 2873 3899 ,
2937 3822 3249 3903 exempla
3318 3840 3648 3904 ponemus
3686 3847 3709 3885 .-
3787 3828 4051 3896 horum
4116 3886 4145 3921 ‚

1097 3948 1244 4016 quae
1291 3920 1491 3989 dubia
1545 3916 1694 3983 sunt
1733 3970 1758 4003 ,
1825 3918 2118 3984 rationes
2167 3912 2521 3984 afferemus
2554 3966 2576 3983 .
2652 3917 3213 4004 Qinquepartita
3285 3922 3779 4004 argumentatio
3843 3926 3947 3991 est
4002 3930 4142 4004 hu-

1100 4023 1382 4105 jusmodi
1422 4046 1444 4085 ·.
1493 4020 1752 4085 Omnes
1805 4019 1988 4108 leges
2027 4071 2048 4102 ‚
2096 4016 2361 4099 Iudices
2396 4070 2425 4104 ,
2468 4016 2551 4085 ad
2606 4016 3048 4087 com-modum
3100 4015 3475 4104 reipublicae
3522 4016 3771 4087 referre
3818 4042 4150 4118 oportet,

1102 4128 1174 4197 δε
1227 4146 1352 4192 eas.
1396 4142 1484 4191 ex
1531 4118 1814 4188 utilitate
1866 4122 2272 4207 communi,
2337 4142 2473 4189 non
2524 4140 2615 4188 ex
2668 4118 3019 4207 striptione
3056 4171 3085 4204 ,
3152 4136 3303 4208 quae
3346 4122 3421 4187 in
3473 4118 3685 4189 literis
3724 4120 3867 4209 est,
3912 4121 4147 4196 inter-

1099 4226 1336 4316 pretari
1378 4274 1401 4291 .
1448 4224 1540 4287 Ea
1591 4224 1777 4289 enim
1829 4224 2071 4294 virtute
2122 4227 2193 4293 δε
2254 4222 2566 4313 sapientia
2614 4222 2901 4301 maiores
2948 4218 3151 4289 nostri
3202 4221 3479 4293 fuerunt
3526 4274 3555 4309 ,
3599 4240 3679 4291 ut
3728 4228 3803 4294 in
3854 4223 4142 4314 legibus

1102 4324 1464 4397 seribendis
1508 4323 1673 4389 nihil
1728 4323 1842 4391 fibi
1892 4325 2114 4411 aliud,
2165 4326 2287 4395 nist
2340 4324 2665 4412 salutem,
2715 4341 2921 4416 atque
2965 4324 3325 4393 utilitatem·
3375 4326 3743 4413 reipub-licae
3794 4348 4143 4416 propone-

1104 4446 1298 4499 sent.
1347 4430 1590 4515 Neque
1639 4426 1825 4495 enim
1865 4425 1986 4517 ipfi
2027 4478 2049 4514 ,
2095 4428 2275 4517 quod
2322 4426 2605 4515 obeffet,
2650 4425 2927 4495 scribere
2973 4422 3292 4496 volebant
3330 4450 3357 4493 ε
3406 4428 3533 4516 δι,
3580 4425 3629 4495 fi
3682 4428 4147 4530 scripsissent,

3848 4554 4027 4610 cum

1101 4984 1238 5047 nis)
1271 4984 1673 5061 A.‚C1cerone,
2654 4990 2749 5048 lib.
2771 5006 2828 5057 ς.
2857 5006 2983 5063 cap.
3000 5010 3086 5059 14.
3116 5006 3239 5063 pag.
3260 5009 3287 5062 3
3294 5008 3322 5062 3
3330 5009 3391 5056 7.
3420 4990 3475 5043 δε
3512 4982 3631 5061 seq.
3660 4987 3813 5045 Idem
3839 5026 3868 5045 ..

1107 5048 1221 5111 hoc
1264 5052 1502 5127 quidem·
1539 5055 1606 5115 in
1659 5054 1678 5113 1
1834 5052 2084 5117 difl'entit
2119 5054 2500 5135 Quintilianus
2534 5102 2562 5127 ,

1645 5206 1684 5289 Ι

1173 4916 1204 4976 ί
1227 4920 1295 4971 80
1313 4916 1345 4977 )
1393 4912 1672 4988 Quinqqe
1692 4908 1764 4985 sie
1841 4914 1850 4941 ⁷
1863 4924 2062 4986 paertes-
2106 4920 2565 4987 argumentatio·
2652 4920 2803 4987 cujus
2860 4914 3143 4975 rationum
3190 4932 3469 4973 momenta
3520 4912 3639 4985 lege
3690 4918 3745 4971 δε
3795 4932 3946 4990 expe
3974 4916 4099 4979 nde

1679 4924 1854 5205 ᾦ
1896 5003 2070 5043 rarum
2103 4992 2162 5045 δε
2198 4986 2400 5046 mirum
2435 4988 2514 5045 est
2536 5029 2565 5057 ,.
