4359 6321
871 496 1478 584 LIBER
1603 495 2415 589 ΡιιιΜιι-ς.
2578 524 2586 531 ·
2888 533 3093 633 149

341 612 630 701 Reliqua
683 628 838 679 vero
885 612 1135 679 etiamst
1187 610 1504 689 adjuvant
1543 664 1564 701 ,
1614 613 1999 703 (historiam
2049 616 2239 703 dice,
2290 620 2361 687 &
2420 614 2833 705 prudentiam
2886 620 3048 697 juris
3100 648 3221 711 pu.

236 711 468 800 blicit,
521 715 594 782 δι
650 713 1056 802 antiquitatis
1107 715 1268 797 iter,
1319 716 1391 785 &
1446 715 1908 802 exemplorum
1960 718 2269 805 copiam)
2326 717 2373 783 fi
2422 719 2691 807 quando
2740 742 2907 811 opus
2962 724 3126 807 erit,
3178 748 3217 791 a

228 812 392 883 viro
439 815 750 903 optimc,
803 816 874 883 &
927 812 1064 880 istis
1115 814 1311 883 rebus
1361 814 1842 885 instruetiffimo
1881 870 1901 903 ,
1957 818 2268 885 familiari
2318 838 2470 885 meo
2510 827 2899 913 ,Longino
2951 840 3219 891 mutua·

221 914 386 983 bor.
439 920 675 1007 Neque
728 912 1148 1004 repugnabo,
1196 936 1326 1004 quo
1377 920 1596 988 minus
1665 919 1776 1000 (id
1827 919 2006 1011 quod
2060 917 2261 986 modo
2314 920 2617 991 hortatus
2666 946 2737 991 es
2764 939 2791 1013 )
2844 926 3069 994 omnia
3122 925 3215 993 le-

217 1031 401 1106 gant
438 1068 462 1101 ‚
513 1021 737 1087 omnia
785 1017 1121 1102 audiant,
1189 1016 1258 1083 in
1311 1022 1496 1087 omni
1547 1019 1730 1089 resto
1779 1020 1982 1088 studio
2071 1036 2267 1110 atque
2334 1020 2751 1092 humanitate
2805 1026 3213 1096 versentur:

217 1118 324 1185 led
397 1118 778 1189 mehercule
849 1142 982 1188 non
1038 1120 1130 1188 ita
1181 1119 1474 1189 multum
1527 1120 1709 1210 spatii
1761 1120 1924 1189 mihi
1981 1122 2235 1189 videtur
2273 1172 2293 1205 ,
2343 1122 2389 1187 fi
2443 1121 2647 1189 modo
2698 1144 2773 1189 ea
2846 1128 3064 1196 facere
3134 1132 3217 1207 ὄσ,

213 1218 808 1311 persequi‘volent
847 1276 869 1309 ,
919 1239 1062 1313 quae
1114 1239 1150 1284 a
1204 1236 1270 1287 te
1305 1274 1326 1309 ‚
1376 1224 1594 1290 Craffe
1631 1273 1654 1308 ‚
1724 1238 2038 1311 praecepta
2091 1221 2241 1289 sunt
2290 1245 2305 1285 ι
2376 1222 2495 1313 qui
2548 1221 2711 1290 mihi
2760 1246 2956 1313 prope
3006 1230 3213 1297 etiam

215 1320 429 1387 nimis
480 1320 677 1392 duras
729 1323 910 1413 leges
965 1324 1300 1411 imponere
1355 1324 1530 1395 visus
1597 1343 1668 1389 es
1720 1324 1876 1391 huic
1931 1324 2104 1391 aetati
2139 1376 2162 1408 ,
2230 1322 2339 1389 sed
2411 1338 2633 1393 tamen
2706 1324 2787 1389 ad
2839 1326 2903 1392 id
2942 1380 2960 1411 ,
3036 1328 3209 1416 quod

217 1423 548 1511 cupiunt,
586 1424 1096 1541 'adipiscendum
1149 1445 1350 1513 prope
1397 1424 1817 1494 necessarias.
1873 1428 2053 1492 Nam
2105 1427 2174 1494 &
2231 1420 2455 1491 subitae
2506 1423 2592 1491 ad
2642 1426 3000 1513 propositas
3048 1449 3209 1497 cau·

217 1518 329 1588 sas
378 1526 947 1613 exercitationeS,
999 1528 1070 1597 δί
1125 1542 1448 1597 accuratae
1502 1530 1573 1598 &
1627 1524 1950 1597 meditata:
2003 1525 2655 1609 commentationeS,
2729 1546 2801 1593 ac
2856 1526 3073 1611 stylus
3126 1530 3210 1597 il-

212 1621 285 1689 le
341 1638 493 1692 tuus
532 1677 551 1711 ,
619 1648 818 1715 quem
871 1644 942 1697 tu
995 1647 1144 1695 vere
1193 1627 1406 1697 dixisti
1449 1632 1866 1721 persedi‘orem
1913 1631 2168 1697 dicendi
2218 1622 2330 1712 effe
2384 1646 2458 1692 ac
2514 1624 2933 1713 magistrum,
3006 1632 3205 1698 multi

215 1720 494 1794 sudoris
545 1726 698 1816 est3
770 1730 837 1799 δι
900 1726 1016 1795 illa
1069 1732 1381 1798 orationis
1433 1728 1560 1799 suae
1630 1751 1788 1803 cum
1842 1729 2094 1818 scriptis
2164 1728 2400 1796 alienis
2454 1726 2922 1814 comparatiO,
2993 1730 3061 1799 δι
3117 1731 3207 1799 de

217 1824 442 1889 alieno
495 1824 730 1913 scripto
782 1828 990 1897 subita
1045 1830 1154 1899 vel
1209 1831 1518 1899 laudandi
1562 1885 1581 1917 ,
1633 1833 1736 1899 vel
1792 1830 2271 1919 vituperandi,
2342 1830 2451 1897 vel
2506 1824 2969 1915 comprobandi
3013 1882 3033 1915 ,
3094 1832 3201 1897 vel

215 1921 567 1989 refellendi
621 1926 816 1993 causa
855 1930 1330 2015 ,disputatio,
1379 1952 1510 1999 non
1561 1932 1906 2001 mediocris
1957 1933 2400 2001 contentionis
2450 1929 2599 2017 est,
2652 1926 2760 1997 vel
2814 1930 2893 1997 ad
2946 1951 3199 1999 memo-

212 2021 436 2106 riam,
487 2022 593 2089 vel
646 2024 728 2090 ad
779 2026 1216 2093 imitandum.

319 2124 505 2185 LXI.
563 2121 742 2192 Illud
800 2148 954 2193 vero
1007 2126 1135 2196 fuit
1182 2125 1545 2218 horribile,
1611 2132 1782 2220 quod
1835 2132 2211 2201 mehercule
2262 2154 2487 2201 vereor
2540 2153 2623 2197 ne
2678 2136 2999 2210 majorem
3054 2134 3199 2201 vim

210 2217 298 2285 ad
355 2220 820 2291 deterrendum
876 2224 1216 2312 habuerit,
1267 2252 1471 2319 quam
1527 2234 1607 2299 ad
1656 2232 2174 2301 cohortandum.
2234 2232 2515 2300 Voluisti
2562 2232 2744 2299 enirn
2796 2234 2863 2295 in
2918 2232 3033 2297 suo
3084 2252 3196 2319 ge-

206 2340 376 2387 nere
427 2344 973 2417 unumquemque
1023 2328 1318 2397 nostrum
1371 2334 1550 2421 quafi
1604 2334 1944 2423 quendam
1987 2335 2110 2401 esse
2163 2333 2547 2419 Roscium5
2598 2328 2945 2419 dixistique
2983 2384 3006 2416 ‚
3057 2354 3195 2399 non

205 2436 352 2487 tam
403 2444 523 2511 ea,
577 2450 715 2515 quae
771 2428 946 2496 resta
999 2428 1238 2515 effent,
1288 2431 1581 2518 probari,
1631 2452 1834 2551 quam
1887 2457 2024 2524 quae
2077 2454 2281 2521 prava
2339 2431 2529 2515 sunt,
2583 2431 2857 2499 fastidiis
2912 2432 3193 2500 adhaere·

207 2520 424 2591 scere:
481 2529 657 2615 quod
710 2550 839 2619 ego
886 2551 1018 2597 non
1073 2550 1213 2598 tam
1270 2530 1584 2601 fastidiole
1637 2536 1708 2600 in
1762 2535 1943 2605 nobis
1987 2585 2007 2617 ,
2056 2554 2261 2621 quam
2314 2534 2381 2597 in
2436 2483 2899 2615 hi’strionibus,
2942 2530 3186 2645 ‘spese-2

203 2625 258 2687 ri
311 2642 528 2712 puto.
605 2632 840 2719 Itaque
890 2653 1019 2699 nos
1067 2653 1303 2701 raucos
1360 2632 1516 2723 saepe
1574 2636 1987 2705 attentissime
2039 2635 2244 2701 audiri
2300 2631 2549 2701 video.
2623 2646 2796 2697 tenet
2849 2632 3031 2698 enim
3083 2654 3189 2699 res

199 2724 336 2810 ipsa
369 2778 392 2812 ,
443 2744 639 2818 atque
689 2732 940 2799 causa:
993 2751 1056 2799 at
1112 2734 1438 2823 AEsopum
1477 2788 1497 2820 ,
1553 2735 1598 2801 fi
1653 2737 1928 2823 paulum
1980 2734 2313 2805 irrauserit
2356 2785 2375 2819 ,
2428 2730 2751 2821 explodi.
2830 2734 2891 2797 A
2947 2728 3185 2820 quibus

198 2828 384 2895 enim
441 2830 608 2896 nihil
657 2850 884 2921 praeter
943 2837 1350 2923 voluptatem
1401 2839 1664 2905 aurium
1713 2840 2026 2929 quaeritur
2065 2888 2088 2923 ,
2136 2839 2205 2903 in
2262 2833 2784 2917 iis'offenditur,
2842 2832 3033 2901 fimul
3089 2848 3185 2899 at-

199 2948 326 3013 que
380 2931 796 3002 imminuitur
847 2936 1094 3027 aliquid
1159 2939 1238 3005 de
1313 2940 1700 3027 voluptate.
1775 2944 1854 3007 In
1921 2938 2300 3029 eloquentia
2376 2951 2599 3003 autem
2672 2934 2883 3000 multa
2960 2932 3185 3018 sunt,

196 3049 343 3113 quae
399 3046 698 3099 teneant.
749 3061 894 3125 quae
947 3040 993 3107 fi
1047 3040 1278 3104 omnia
1332 3040 1590 3107 summa
1641 3060 1776 3108 non
1832 3041 1980 3109 sunt
2016 3094 2038 3125 ,
2111 3040 2233 3127 (δι
2288 3039 2597 3127 pleraque
2654 3051 2875 3101 tamen
2930 3052 3181 3122 magna

201 3125 357 3192 sunt
380 3137 454 3209 ,)
503 3134 741 3198 necess‘e
791 3135 924 3218 est,
972 3157 1047 3201 ea
1103 3137 1276 3223 ipsa,
1329 3164 1462 3226 qm:
1521 3142 1716 3228 sunt,
1767 3141 2092 3209 mirabilia
2145 3138 2392 3208 videri.

197 3251 202 3256 ·
307 3230 532 3316 Ergo,
585 3248 658 3296 ut
711 3234 790 3297 ad
845 3238 1138 3319 primum
1191 3237 1354 3301 illud
1405 3230 1738 3325 revertar,
1791 3245 1866 3307 fit
1921 3257 2136 3308 orator
2190 3240 2375 3308 nobis
2424 3241 2521 3324 ia,
2574 3239 2736 3326 qui,
2784 3251 2859 3306 ut
2910 3237 3176 3302 Crassus

198 3327 573 3416 deleripfit,
624 3331 1111 3400 accommodate
1167 3335 1245 3398 ad
1298 3337 1817 3421 persuadendum
1871 3342 2050 3427 poffit
2103 3339 2362 3404 dicere.
2422 3341 2487 3400 Is
2539 3352 2765 3402 autem
2818 3335 3175 3404 concluda-
3221 3413 3227 3416 .

194 3445 310 3495 tur
368 3429 436 3495 in
486 3453 566 3498 ea
601 3485 620 3517 ,
671 3442 808 3522 q’uae
866 3434 1015 3502 sunt
1066 3437 1134 3503 in
1189 3432 1308 3501 usu
1361 3439 1708 3506 civitatum
1776 3439 2042 3524 vulgari
2115 3457 2191 3501 ac
2264 3434 2545 3503 forensl:
2604 3431 2998 3518 remotisque
3052 3456 3173 3498 επ-

193 3532 352 3598 teris
405 3531 632 3600 studiis
667 3588 685 3619 ,
737 3537 1044 3626 quamvis
1111 3555 1220 3602 ca·
1263 3536 1387 3604 sint
1460 3537 1680 3625 ampla
1752 3553 1950 3627 atque
2000 3535 2303 3624 praeclara
2346 3589 2365 3620 ,
2437 3537 2504 3600 in
2558 3532 2681 3600 hoc
2738 3553 2873 3599 uno
2922 3551 3113 3616 opere
3151 3581 3171 3616 ,

163 3649 266 3716 ,ut
324 3633 423 3697 ita⁴
470 3634 686 3702 dicam
728 3691 748 3722 ,
801 3637 1024 3705 nobles
1077 3641 1144 3708 &
1201 3637 1334 3706 dies
1386 3656 1752 3728 urgeatur:
1826 3641 2245 3724 imiteturque
2296 3639 2497 3703 illum
2554 3689 2575 3719 ‚
2624 3635 2733 3702 cui
2786 3631 2919 3698 fine
2973 3629 3172 3697 dubio

193 3734 460 3800 summa
517 3736 606 3800 vis
657 3737 912 3804 dicendi
965 3738 1350 3806 conceditur
1391 3793 1414 3824 ,
1462 3738 1933 3808 Atheniensem
1989 3737 2541 3820 Demosthenem,
2593 3737 2661 3800 in
2716 3754 2849 3820 quo
2906 3747 3169 3801 tantum

193 3836 486 3900 studium
547 3835 724 3904 fuisse
779 3837 1122 3926 tantusque
1176 3839 1358 3906 labor
1412 3840 1648 3908 dicitur
1690 3892 1709 3923 ,
1774 3855 1845 3909 ut
1897 3839 2191 3926 primum
2244 3835 2716 3926 impedimenta
2771 3849 3021 3899 natura:
3067 3834 3166 3898 di·

193 3937 476 4024 ligentia
528 3937 978 4027 industriaque
1027 3939 1347 4023 'supet-mit
1383 3963 1405 4001 .·
1461 3961 1748 4028 cumque
1801 3941 1890 4006 ita
1945 3935 2170 4005 balbus
2220 3937 2389 4006 esset
2429 3989 2449 4022 ,
2498 3955 2569 4003 ut
2622 3937 2761 4012 ejus
2813 3935 3008 4020 ipfius
3062 3953 3162 3999 ar·-

191 4041 276 4103 tis
315 4091 336 4122 ,
389 4041 498 4104 cui
557 4037 842 4104 studeret
885 4091 904 4123 ,
975 4041 1259 4126 primam
1314 4040 1568 4107 literam
1619 4063 1752 4108 non
1807 4039 2014 4127 posset
2063 4039 2279 4107 dicere
2300 4037 2335 4124 ⁴,
2406 4039 2672 4124 perfecit
2710 4029 3106 4103 *meditando
3144 4088 3164 4120 ,

189 4161 261 4202 ut
315 4161 522 4207 nemo
574 4139 836 4225 planius
882 4162 960 4207 eo
1011 4141 1273 4210 locutus
1325 4157 1665 4229 putaretur
1719 4173 1739 4207 .-
1794 4141 2054 4207 Deinde
2106 4143 2275 4207 cum'
2322 4141 2584 4225 lpiritus
2629 4131 2769 4215 ej'us
2825 4135 2993 4202 esset
3045 4159 3165 4202 an-

185 4263 248 4328 g
241 4241 500 4325 ιίὶίοι,
552 4257 818 4308 tantum
871 4241 1262 4308 continenda
1315 4245 1538 4308 anima
1591 4245 1658 4308 in
1712 4239 1988 4308 dicendo
2035 4240 2123 4308 est
2175 4241 2564 4326 assecutuS,
2632 4253 2707 4305 ut
2756 4259 2889 4305 una
2944 4237 3161 4304 conti-

187 4346 505 4410 nuatione
563 4343 906 4408 verborum
987 4341 1104 4428 (id
1157 4343 1329 4430 quod
1381 4344 1520 4420 ejus
1579 4341 1814 4430 scripta
1880 4339 2277 4423 declarant}
2340 4340 2499 4408 binae
2572 4344 2633 4407 ei
2703 4339 3155 4405 contentiones

185 4445 402 4530 vocis,
465 4445 534 4512 &
591 4444 988 4512 remiffiones
1040 4441 1572 4512 continerentur.
1636 4445 1772 4526 Qui
1822 4449 2030 4510 etiam
2080 4453 2246 4527 (ιιι
2264 4445 2589 4510 memoriae
2645 4441 2972 4527 proditum
3014 4439 3154 4525 est)

183 4499 498 4624 conjee'tis
554 4545 622 4609 in
673 4567 752 4610 os
801 4545 1144 4630 calculiS,
1186 4544 1451 4610 summa
1510 4565 1667 4611 voce
1725 4543 1948 4612 versus
2003 4544 2250 4610 multos
2304 4565 2437 4609 uno
2491 4542 2717 4630 spiritu
2772 4543 3155 4630 pronuntia·

187 4664 256 4710 re
307 4644 816 4731 consuescebat3
877 4667 1082 4737 neque
1135 4648 1190 4712 is
1243 4646 1596 4714 confistens
1648 4646 1714 4710 in
1769 4643 1957 4728 loco,
2011 4643 2119 4709 sed
2160 4643 2624 4730 inambulans,
2681 4661 2877 4731 atque
2933 4641 3155 4708 ascen-

186 4743 256 4810 su
309 4745 698 4834 ingrediens
751 4745 982 4814 ardue.

290 4847 495 4910 Hisce
550 4865 706 4932 ergo
755 4846 1304 4916 cohortationibus
1347 4901 1366 4933 ,
1416 4846 1683 4932 Crasse,
1743 4844 1824 4911 ad
1881 4845 2164 4913 studium
2206 4897 2223 4929 ,
2280 4851 2347 4916 ὃ(
2405 4849 2485 4916 ad
2538 4845 2820 4914 laborem
2872 4844 3151 4908 incitan-

191 4943 304 5013 dos
361 4947 644 5024 iuvenes
699 4945 1121 5020 vehementer
1179 4948 1496 5018 assentior
1538 4973 1556 5013 ι
1610 4965 1841 5018 caetera
1881 4999 1905 5034 ,
1950 4970 2088 5037 quae
2144 4946 2460 5037 collegisti
2511 4969 2595 5016 ex
2648 4947 2841 5014 variis
2915 4945 3006 5104 &s
3055 4938 3157 5005 di·

1575 5071 1582 5078 ·
2848 5059 3051 5109 ver1s
