4359 6321
1229 474 1407 565 266
1897 458 2135 556 DE
2257 446 3222 553 ORATORE

1100 594 1219 667 diu
1268 585 1662 674 intermiffa,
1708 580 2054 676 quae-sunt
2104 598 2450 673 poetarum
2505 578 2786 650 licentia:
2839 576 3144 651 liberiora
3185 630 3210 669 ,
3257 593 3468 670 quam
3517 576 3787 655 nostrae.
3841 578 3949 655 sed
4005 600 4117 659 ta·

1106 715 1268 763 men
1318 712 1473 759 raro
1520 690 1717 759 habet
1766 687 1968 755 etiarn
2035 692 2238 774 (σι)
2305 683 2376 751 in
2443 680 2742 753 oratione
2811 678 3148 770 poeticum
3222 676 3487 774 aliquod
3557 690 3752 777 (63)
3830 687 4118 773 verbum

1106 794 1500 885 dignitatem
1532 838 1550 857 .
1602 792 1834 879 Neque
1880 788 2065 857 euim
2116 784 2286 855 illud
2336 785 2628 876 fugerim
2675 783 2894 853 <ficere
2939 834 2961 872 ‚
3028 798 3105 853 ut
3151 783 3415 853 Coelius
3463 834 3486 873 ,
3529 792 3684 875 ,Qua
3739 790 4122 877 tempestate

1104 901 1335 965 Poenus
1388 900 1456 959 in
1506 891 1781 961 Italiam
1832 898 2049 959 venis:
2076 908 2228 959 nec
2269 887 2562 978 prolem,
2609 902 2724 957 aut
2759 885 3080 973 sobolem,
3133 900 3246 957 aut
3298 884 3490 975 effari
3537 935 3561 975 ,
3613 902 3728 957 aut
3777 909 4115 981 nuncupa.

1104 1008 1205 1064 ri.-
1260 1014 1421 1081 aut,
1468 1008 1547 1063 ut
1597 1010 1671 1061 tu
1724 990 1931 1079 soles,
1983 990 2272 1076 Catule,
2321 1010 2438 1057 non
2492 989 2725 1074 rebar,
2777 1000 2894 1055 aut
2942 985 3287 1075 opinabar:
3346 991 3419 1059 ὅ(
3477 989 3608 1057 alia
3651 990 3911 1085 multa,
3961 1000 4118 1088 qui..

1104 1095 1227 1165 bus
1278 1099 1429 1165 loco
1474 1095 1734 1184 pofitis,
1788 1092 2110 1183 grandior
2164 1106 2361 1181 atque
2411 1090 2750 1177 antiquior
2801 1089 3012 1155 oratio
3067 1088 3225 1177 saepe
3277 1090 3492 1159 videri
3545 1087 3750 1163 solet.

1202 1202 1561 1268 Novantur
1612 1212 1838 1264 autem
1890 1196 2135 1278 verba,
2182 1215 2332 1283 quae
2380 1187 2460 1257 ab
2511 1210 2629 1279 e0,
2681 1189 2796 1282 qui
2845 1188 3049 1278 dicit,
3099 1189 3242 1279 ipso
3293 1196 3716 1285 gignuntur,
3771 1216 3852 1267 ac
3893 1192 4118 1271 fiunt:

1106 1301 1212 1369 vel
1268 1298 1747 1387 conjungendis
1797 1293 2053 1383 verbis,
2101 1310 2177 1361 ut
2227 1294 2409 1379 haec,

1500 1402 1665 1465 Tum
1708 1416 1915 1488 pavor
1948 1395 2346 1484 sapientiam
2399 1388 2566 1460 mibi
2621 1411 2872 1459 omnem
2921 1396 3290 1463 exanimato
3343 1398 3741 1486 expellor-at.

1122 1540 1130 1547 -
1499 1501 1691 1566 Num
1744 1516 1859 1564 non
1913 1504 2025 1562 vis
2078 1492 2274 1578 bajus
2329 1515 2430 1561 me
2482 1492 2953 1581 versutiloquas
3010 1496 3376 1564 malitias?

1097 1598 1353 1672 Videtis
1399 1601 1583 1669 enim
1634 1602 1706 1667 &
1764 1594 2275 1683 versutiloquas,
2326 1596 2396 1666 ἃ
2456 1596 2850 1684 expedierat,
2905 1616 2992 1664 ex
3045 1596 3512 1675 coniunstione
3552 1600 3732 1672 fasta
3779 1602 3918 1674 effe
3953 1623 4110 1677 vet·

1097 1702 1220 1789 ba,
1271 1722 1406 1768 non
1458 1714 1645 1767 nata.
1696 1698 1827 1767 Vel
1882 1694 2044 1787 saepe
2097 1695 2232 1765 fine
2283 1696 2754 1776 conjunffione
2805 1696 3006 1766 verba
3055 1716 3386 1769 novantur
3423 1752 3446 1789 ,
3499 1722 3615 1793 ut,
3666 1702 3779 1772 ille
3817 1704 4108 1797 senius;

1094 1818 1211 1890 ut,
1262 1810 1375 1870 Dii
1419 1800 1779 1889 genitales3
1828 1816 1941 1887 ut,
1994 1799 2347 1868 baccarum
2402 1799 2694 1867 ubertate
2747 1801 3231 1887 incurvescere.

1120 1959 1129 1969 .
1188 1906 1458 1973 Tertius
1510 1902 1629 1972 ille
1682 1902 1920 1976 modus
1971 1902 2369 1971 tranferendi
2435 1897 2615 1968 verbi
2683 1898 2817 1968 late
2887 1915 3060 1990 patet
3100 1952 3122 1990 ,
3191 1922 3396 1993 quem
3465 1902 3800 1975 neceffitas
3855 1910 4106 1998 genuit

1091 2008 1301 2094 inopia
1353 2003 1617 2092 coacta,
1666 2008 1738 2077 &
1794 2004 2149 2094 angustiis3
2202 2002 2342 2093 post
2393 2018 2616 2069 autem
2665 2000 3010 2071 delestatio
3051 2055 3074 2090 ,
3123 2003 3634 2097 iucunditasque
3683 2008 4106 2082 celebravit.

1091 2112 1270 2175 Nam
1319 2122 1393 2175 ut
1444 2104 1633 2175 vestis
1688 2105 1954 2197 frigoris
2004 2105 2382 2193 depellendi
2431 2103 2633 2172 causa
2682 2120 2948 2192 reperta
2999 2105 3218 2193 primo
3254 2160 3278 2195 ,
3329 2106 3464 2197 post
3511 2108 3811 2177 adhiberi
3861 2130 4108 2203 coepta

1088 2208 1185 2278 est
1230 2206 1315 2275 ad
1362 2223 1671 2277 ornatum
1720 2208 1924 2277 etiam
1970 2207 2258 2295 corporis
2311 2208 2386 2277 δε
2443 2205 2838 2295 dignitatem
2874 2228 2899 2269 .·
2975 2207 3064 2275 fic
3121 2207 3301 2276 verbi
3371 2208 3724 2279 translatio
3791 2212 4110 2285 instituta

1084 2308 1179 2377 est
1226 2310 1465 2401 inopia:
1515 2309 1707 2379 causa
1744 2362 1768 2399 ,
1822 2310 2240 2399 frequentata
2287 2306 2736 2377 delestationis
2768 2355 2787 2374 .
2858 2308 3039 2377 Nam
3082 2330 3419 2397 gemmare
3469 2323 3644 2382 vites
3682 2362 3703 2399 ,
3755 2312 4104 2383 luxuriem

1092 2404 1203 2494 effe
1254 2418 1323 2477 in
1375 2410 1635 2499 herbis,
1686 2410 1873 2481 laetas
1908 2408 2202 2497 segetes,
2257 2411 2464 2477 etiam
2519 2406 2740 2477 rustici
2791 2406 3066 2478 dicunt.
3121 2412 3318 2499 Qod
3354 2417 3540 2483 enim
3589 2412 3911 2483 declarari
3965 2420 4104 2488 vix

1086 2510 1287 2579 verbo
1334 2512 1593 2601 proprio
1638 2510 1885 2597 potest,
1938 2511 2007 2579 id
2058 2510 2386 2580 translato
2437 2530 2603 2579 cum
2651 2507 2745 2577 est
2793 2510 3090 2599 dietum,
3141 2514 3422 2582 illustrat
3471 2518 3542 2583 id
3582 2567 3605 2602 ,
3654 2515 3833 2607 quod
3887 2518 4096 2591 intel.

1088 2610 1209 2699 ligi
1261 2612 1621 2695 volumuS,
1668 2611 1811 2687 ejus
1865 2611 2013 2695 rei,
2054 2633 2261 2699 quam
2313 2613 2534 2684 alieno
2586 2609 2790 2681 verbo
2840 2613 3174 2703 posuimus
3217 2668 3238 2701 ,
3293 2617 3690 2690 fimilitudo.
3753 2620 3932 2707 Ergo
3985 2622 4099 2691 hae

1084 2708 1543 2777 translationes
1592 2708 1774 2798 quasi
1826 2712 2281 2780 mutuationes
2335 2712 2484 2783 sunt
2539 2764 2559 2797 ,
2629 2736 2788 2781 cum
2828 2768 2847 2800 ‚
2899 2718 3076 2804 quod
3132 2740 3264 2784 non
3326 2718 3604 2803 habeas,
3663 2713 3932 2789 aliunde
3989 2724 4100 2794 su-

1083 2830 1263 2879 mas.
1318 2809 1455 2877 111ae
1505 2810 1709 2898 paulo
1760 2808 2187 2898 audaciores,
2238 2834 2379 2901 quae
2433 2833 2569 2877 uon
2621 2814 2917 2900 inopiam
2969 2816 3268 2880 indicant
3307 2864 3328 2898 ,
3381 2816 3485 2881 fied
3541 2822 3822 2887 orationi
3881 2820 4098 2913 splen.

1082 2910 1261 2982 doris
1310 2909 1555 3004 aliquid
1608 2908 1948 2978 arcessunt
1986 2956 2005 2974 .
2058 2916 2370 2999 Qarum
2419 2930 2545 2999 ego
2585 2961 2607 2996 ,
2657 2915 2820 3000 quid
2877 2912 3057 2978 vobis
3115 2913 3664 2984 autinveniendi
3715 2922 4092 3015 rationem,

1086 3028 1203 3079 aut
1253 3032 1496 3103 genera
1546 3012 1841 3101 ponam?
3336 3048 3341 3053 -
4079 3016 4082 3018 ’

1180 3116 1502 3182 XXXIX.
1554 3110 2020 3182 Similitudinis
2088 3111 2182 3181 est
2254 3110 2342 3181 ad
2391 3109 2672 3182 verbum
2747 3118 2950 3202 (64)
3021 3133 3238 3185 unum
3305 3113 3648 3186 contrasta
3727 3114 4022 3197 brevitas
4068 3185 4096 3220 ,

1079 3214 1253 3305 quod
1304 3214 1581 3286 verbum
1632 3217 1703 3287 in
1756 3217 1975 3284 alieno
2021 3217 2216 3305 1000,
2263 3231 2587 3311 tanquam
2641 3218 2714 3286 in
2773 3216 2890 3285 suo
2929 3269 2949 3304 ,
3001 3217 3325 3305 politum,
3375 3219 3423 3286 fi
3481 3219 3863 3308 agnoscitur
3906 3284 3928 3315 ,
3980 3231 4100 3301 de..

3895 3329 3990 3397 le-

1152 3691 1309 3756 (62)
1344 3692 1450 3750 Sed
1496 3709 1685 3751 tamen
1736 3716 1859 3753 raro
1908 3691 2080 3752 habet
2129 3699 2305 3752 etiam
2341 3697 2448 3750 διε.
2483 3695 2520 3760 Ἰ
2617 3709 2744 3748 men
2795 3710 2922 3748 raro
2974 3689 3143 3747 habet
3199 3695 3373 3749 etiam
3411 3695 3472 3747 in
3525 3695 3759 3748 oratione
3797 3710 4082 3760 pervetu-

1079 3755 1396 3830 legendum
1444 3761 1556 3820 esse
1583 3803 1600 3829 ,
1639 3785 1749 3826 non
1800 3785 1923 3824 raro
1946 3808 1963 3834 ,
1996 3785 2181 3838 aperte
2215 3764 2515 3826 ostendunt
2614 3761 2754 3819 stum
2790 3761 3024 3838 aliquod
3061 3760 3291 3819 verbum
3333 3764 3672 3832 dignitatem
3705 3775 3728 3823 ς’
3765 3761 3910 3842 idern
3971 3761 4076 3824 hic

1082 3829 1245 3895 verba
1280 3831 1406 3899 illa‘:
1467 3834 1569 3891 Sed
1620 3855 1837 3896 tamen.
1890 3839 2029 3896 Tum
2066 3857 2168 3906 ea,
2226 3843 2402 3896 etiam
2449 3841 2513 3893 in
2617 3833 2764 3891 dicet
2817 3837 3024 3893 Cicero
3057 3875 3073 3898 ‚
3130 3834 3277 3902 quod
3329 3835 3392 3892 in
3425 3854 3473 3890 e.
3513 3853 3601 3904 52.
3669 3853 3794 3890 mox
3831 3831 4084 3896 dicturus

1080 3905 1359 3968 «Μῐὲοᾶκζ
1406 3905 1654 3967 Muretus
1682 3945 1700 3965 .
1758 3911 1881 3968 Vox
1935 3927 2063 3968 raro
2088 3951 2105 3978 ,
2154 3929 2275 3970 cum
2309 3909 2512 3978 adjecta
2614 3906 2724 3972 est,
2759 3921 2831 3963 ur
2865 3905 3174 3963 translatis
3209 3921 3444 3961 utamur
3473 3905 3795 3979 frequenter
3840 3946 3859 3971 ,
3880 3909 4082 3964 'inter’-

1077 3980 1185 4042 (ut
1220 3971 1359 4043 hic)
1396 3997 1531 4036 voce
1566 3985 1739 4038 etiam
1774 4022 1792 4047 ,
1826 3978 2119 4051 fignificat,
2156 3979 2472 4060 aliquando
2494 4020 2512 4042 .
2613 3981 2858 4052 dumque
2937 3979 3072 4033 alhs
3113 4015 3126 4034 ‚
3182 3997 3301 4032 raro
3357 3990 3548 4054 autem
3611 3977 3775 4033 etiam
3811 3997 4084 4049 pervetu-

1073 4065 1505 4123 nonnunquam:
1544 4071 1653 4124 quo
1688 4050 1847 4110 sensu
1885 4054 2082 4112 iterum
2120 4053 2324 4114 Noster
2364 4051 2512 4110 idem
2617 4049 2742 4109 stis.
2785 4046 2874 4104 Ad
2916 4067 2977 4126 ⁶.»
3017 4046 3162 4117 quod
3201 4047 3472 4120 Qiinctil.
3513 4047 3698 4128 ¹.¹b·.⁸·
3737 4069 3782 4104 c.
3812 4069 3864 4123 3.
3901 4049 4078 4116 dicit,

1071 4118 1390 4178 adverbium
1424 4120 1642 4194 usurpat
1693 4143 1808 4196 cap·
1852 4141 1941 4196 52.
1991 4126 2318 4185 Translatis
2371 4141 2514 4182 uta·
2615 4123 2850 4193 Propriis
2902 4117 3227 4187 dignitatem
3263 4119 3370 4178 dat
3419 4138 3711 4192 antiquitas
3759 4142 3774 4177 ε
3815 4141 3946 4181 mox
3982 4121 4076 4182 ad-

1072 4207 1202 4251 mur
1242 4192 1562 4270 frequenter
1592 4234 1613 4262 ,
1659 4195 2046 4276 interdumque
2084 4199 2264 4269 fadis
2302 4237 2320 4263 ,
2387 4215 2514 4255 raro
2616 4193 2700 4252 dit
2737 4233 2753 4258 ‚
2803 4191 3081 4274 Quadam
3119 4207 3312 4250 tamen
3363 4191 3549 4250 adhuc
3608 4211 3800 4252 vetera
3843 4191 4078 4252 vetusta-

1071 4277 1268 4320 autem
1306 4267 1465 4322 etiam
1490 4267 1823 4340 pervetustis
1855 4289 1870 4325 ε
1911 4267 1969 4326 δ(
2008 4267 2067 4326 in
2104 4267 2203 4326 lib.
2241 4291 2295 4328 2.
2332 4289 2380 4326 c.
2421 4285 2512 4339 ις.
2615 4283 2675 4324 te
2732 4263 2847 4334 ipsa
2884 4275 3081 4334 gramis
3119 4278 3312 4320 mtem‘
3335 4283 3358 4328 3
3395 4264 3863 4338 quaedaem·etiaem
3902 4261 4078 4333 neces-

1068 4333 1389 4465 pleramque
1424 4357 1493 4394 ex
1522 4338 1715 4410 futuri
1754 4381 1771 4410 ,
1820 4359 1942 4399 raro
1976 4338 2141 4400 etiam
2174 4363 2246 4401 ex
2297 4340 2518 4414 instan-
2605 4337 2761 4465 szrio
2796 4339 3024 4392 interim
3047 4335 3392 4407 sumuntur,
3431 4354 3740 4408 nuncupare
3775 4377 3794 4405 ,
3831 4347 3903 4404 ο·
3943 4335 4042 4396 fari
4064 4373 4084 4393 .

1072 4425 1150 4468 trs
1243 4429 1291 4465 c.
1329 4414 1622 4468 Pearcius.
2616 4419 2652 4470 Ι
2687 4427 2773 4467 em
2801 4448 2817 4466 .

1144 4482 1227 4544 (6
1290 4484 1315 4544 )
1369 4487 1647 4540 poeticum
1696 4485 1929 4562 aliquod
1960 4491 1992 4552 )
2042 4483 2384 4545 Manifestum
2434 4479 2516 4542 est
2689 4485 2857 4554 (64)
2896 4477 3304 4538 similitudinis
3341 4477 3414 4550 ²st
3451 4479 3532 4534 ad
3567 4479 3796 4560 verbnm
3835 4486 3865 4547 )
3902 4481 4088 4537 Meua

1075 4543 1229 4622 singu
1253 4570 1302 4608 as
1335 4549 1494 4622 hujus
1532 4554 1640 4612 loci
1678 4575 1853 4629 partes
1880 4557 2138 4624 rimanti,
2174 4560 2516 4618 Ciceronem
2617 4551 2855 4627 phoram
2923 4550 3186 4623 quandam
3245 4549 3356 4628 esse
3424 4547 3847 4609 limilitudinem
3919 4551 4082 4609 docet

1076 4619 1147 4678 de
1182 4621 1309 4682 solis
1344 4621 1607 4684 inusitatis
1643 4631 1701 4684 δε
1734 4627 1927 4702 priscis
1967 4629 2146 4688 verbis
2205 4630 2514 4688 sermonem
2617 4623 2943 4686 Aristoteles
2973 4665 2990 4689 ‚
3021 4621 3193 4702 Rhet3
3232 4621 3327 4679 lib.
3403 4660 3418 4678 .
3479 4620 3573 4679 sed
3615 4641 3760 4682 inter
3799 4642 4081 4696 utramque

1076 4691 1327 4755 lubere:
1384 4699 1443 4755 δε
1478 4737 1495 4762 ,
1544 4715 1667 4756 cum
1720 4700 1968 4773 exempla
2017 4701 2266 4772 proferat
2306 4743 2324 4769 ,
2379 4719 2513 4758 num
2617 4695 2890 4758 nonnihil
2943 4713 3122 4751 tamen
3179 4639 3427 4751 intereli'e
3457 4715 3503 4774 :—
3541 4713 3666 4774 nam
3717 4715 3837 4754 cum
3885 4693 3955 4752 de
3997 4699 4081 4754 A·

1070 4771 1281 4840 poetica
1318 4769 1477 4828 verba
1512 4767 1667 4828 affert
1698 4775 1727 4830 ἓ
1757 4775 1973 4832 Annon
2014 4773 2172 4830 verba
2213 4771 2454 4846 qua-dam
2500 4812 2521 4840 ,
2615 4769 2794 4826 chine
2849 4767 3074 4836 loquens
3129 4767 3412 4824 Homerus
3447 4763 3588 4823 dicit
3618 4807 3638 4834 ‚
3687 4785 3759 4826 ut
3799 4767 3882 4824 leo
3919 4763 4080 4838 troli-

1072 4855 1193 4908 quae
1228 4840 1403 4914 poetis
1430 4837 1557 4899 sunt
1587 4841 1859 4908 inaudita.
1894 4840 2153 4900 adducit?
2192 4843 2512 4918 opinabar,
2617 4843 2716 4899 liet
2751 4879 2768 4906 ,
2801 4836 3128 4894 «similitudo
3165 4836 3242 4894 est
3277 4859 3298 4900 ς
3347 4835 3431 4895 fin
3495 4837 3636 4920 dicat
3669 4841 3755 4900 leo
3823 4839 4026 4916 rossliet
4057 4875 4077 4905 ,

1069 4917 1433 4994 nuncupari,
1485 4917 1541 4970 δε
1591 4913 1693 4972 alia
1746 4913 2017 4973 nonnulla
2070 4915 2211 4987 apud
2267 4934 2516 4972 oratores
2619 4909 3776 4983 metaphora.Petavius.H1ced1d1t1,4m
3813 4921 4077 4974 ‚Tram-

1068 4978 1407 5042 invenienda
1443 4981 1567 5042 sunt
1592 5026 1609 5052 ,
1640 4984 1783 5060 apud
1819 5003 2005 5057 poetas
2059 4987 2274 5044 nullum
2312 4985 2514 5043 habent
2629 4986 2774 5044 latio
2810 4987 3022 5040 omnis,
3053 4979 3446 5054 ssmtlaetndinis
3493 4989 3598 5042 ἀς.

1056 5050 1245 5114 locum
1290 5097 1307 5113 .
1358 5053 1414 5117 si
1449 5053 1557 5116 hoc
1592 5056 1761 5120 modo
1799 5057 1974 5119 locum
2008 5055 2259 5126 recudas,
2283 5055 2384 5130 sed
2419 5073 2514 5114 ta-

4321 2855 4326 2864 .-
4321 2680 4332 2836 .———.
