4359 6321
761 513 1383 603 LIBER
1496 512 2574 617 SECUNDUS.
2906 560 3072 649 ης

324 630 577 703 Contio
626 630 799 718 capit
851 650 1123 699 omnem
1174 634 1312 698 vim
1361 632 1713 717 orationis,
1767 636 1837 702 δε
1894 643 2302 725 gravitatem
2361 647 2884 736 varietatemque
2957 650 3203 719 deiide.

224 754 369 803 rat.
426 738 603 821 Ergo
650 732 718 799 in
770 729 1107 798 suadendo
1157 731 1322 798 nihil
1371 730 1463 798 est
1512 729 1904 827 optabilius,
1955 757 2161 825 quam
2213 742 2497 831 dignitas
2537 790 2554 808 .
2613 746 2792 813 Nam
2843 747 2958 837 qui
3011 750 3198 817 utili-

224 852 439 904 tatem
490 848 672 920 putat
717 884 739 915 ,
789 850 922 899 non
974 831 1129 919 quid
1179 834 1475 899 maxime
1526 831 1687 898 velit
1740 830 1964 901 suasor
2003 887 2024 920 ,
2074 837 2184 905 sed
2238 844 2398 931 quid
2449 842 2784 917 interdum
2835 849 3052 938 magis
3106 847 3200 916 se..

218 952 467 1028 quatur
501 985 522 1018 ,
570 932 745 999 videt
781 980 799 997 .
856 934 1079 998 Nemo
1129 930 1221 999 est
1266 935 1449 1000 enim
1486 982 1509 1017 ,
1562 932 1918 1020 praesertim
1967 936 2039 1001 in
2090 951 2229 1004 tam
2282 940 2466 1009 clara
2515 944 2824 1033 civitate,
2872 948 3036 1039 quin
3088 971 3206 1036 pu-

214 1054 322 1105 tet
386 1030 825 1123 expetendam
891 1033 1191 1099 maxime
1270 1030 1713 1121 dignitatem:
1790 1032 1895 1100 sed
1966 1037 2172 1104 vincit
2224 1040 2482 1110 utilitas
2553 1044 2991 1136 plerumque,
3037 1071 3202 1117 cum

218 1132 435 1203 subest
484 1134 601 1201 ille
646 1134 890 1216 timor,
938 1149 1015 1198 ea
1068 1129 1417 1221 neglefim,
1469 1152 1555 1198 ne
1600 1130 1995 1222 dignitatem
2049 1138 2320 1226 quidem
2369 1140 2535 1229 posse
2587 1144 2896 1211 retineri.

319 1234 783 1303 Controverfia
836 1248 1059 1298 autem
1114 1232 1285 1300 inter
1334 1232 1689 1299 hominum
1741 1232 2133 1322 sententias,
2185 1256 2298 1305 aut
2349 1240 2420 1307 in
2475 1239 2596 1307 illo
2645 1241 2732 1307 est
2774 1294 2797 1328 ,
2847 1260 3074 1313 utrum
3129 1249 3205 1315 sit

210 1337 451 1405 utilius
490 1358 517 1399 .·
590 1349 707 1400 aut
757 1334 961 1401 etiam
1010 1352 1169 1399 cum
1220 1332 1285 1399 id
1328 1334 1643 1401 convenit
1681 1386 1702 1419 ,
1770 1350 2107 1421 certatur,
2155 1354 2390 1407 utrum
2441 1340 2760 1410 honestati
2813 1346 3069 1431 potiuS,
3119 1368 3206 1415 an

208 1436 487 1504 utilitati
554 1431 1049 1502 consulendum
1128 1432 1205 1499 fit
1242 1480 1265 1498 .
1332 1436 1499 1517 Qae
1548 1434 1703 1523 quia
1770 1453 2071 1523 pugnare
2124 1436 2286 1527 saepe
2352 1442 2520 1519 inter
2574 1439 2637 1505 se
2689 1440 3038 1529 videntur,
3087 1447 3204 1537 qui

208 1538 574 1604 utilitatem
624 1530 970 1618 defendit,
1016 1534 1429 1603 enumerabit
1478 1534 1833 1601 commoda
1886 1536 2109 1625 pacis,
2160 1556 2365 1624 opum
2393 1591 2414 1627 ,
2464 1540 2810 1628 potentiae,
2859 1546 3159 1632 pecuniae
3189 1600 3212 1634 ,

207 1634 654 1723 vectigalium
692 1684 725 1720 ,.
784 1632 1095 1721 praefidii,
1144 1635 1439 1702 militum
1470 1688 1498 1722 ,
1568 1634 1887 1702 utilitates
1935 1653 2324 1705 ceterarum
2397 1660 2661 1725 rerum,
2715 1658 3028 1729 quar-um·
3063 1645 3204 1715 fru-

205 1737 409 1805 &um
458 1736 751 1804 utilitate
798 1735 1157 1821 metimur,
1212 1738 1500 1825 itemque
1548 1734 1971 1803 incommoda
2021 1740 2514 1807 contrariorum
2551 1789 2570 1806 .
2641 1741 2784 1823 Qui
2836 1741 2921 1809 ad
2977 1743 3202 1833 digni-

202 1853 425 1903 tatem
490 1835 771 1923 impellit
812 1886 831 1918 ,
882 1836 1214 1913 majorum
1264 1837 1573 1922 exempla
1615 1887 1636 1921 ,
1683 1854 1825 1924 quae
1877 1852 2079 1903 erunt
2134 1837 2243 1906 vel
2285 1862 2452 1908 cum
2501 1840 2794 1929 periculo
2839 1842 3134 1932 gloriosa
3185 1898 3208 1935 ,

206 1934 547 2025 colliget:
618 1934 1011 2025 posteritatis
1080 1934 1537 2002 immortalem
1606 1937 2003 2003 memoriam
2066 1934 2334 2026 'augebit
2379 1966 2395 2005 ι
2450 1943 2808 2011 utilitatem
2857 1963 2940 2011 ex
2999 1944 3200 2015 laude

200 2036 401 2102 nasci
449 2033 799 2121 defendet,
852 2034 1232 2125 semperque
1282 2054 1433 2101 eam
1484 2056 1647 2104 cum
1695 2037 2015 2123 dignitate
2062 2037 2188 2105 eise
2238 2039 2714 2116 coniunfiimn.

318 2134 469 2223 sedi
518 2134 681 2221 quid
752 2132 894 2200 fieri
946 2133 1128 2221 possit
1176 2153 1292 2203 aut
1347 2157 1482 2204 non
1531 2136 1709 2224 poffit
1750 2188 1773 2222 ,
1843 2136 2131 2227 quidque
2205 2139 2408 2207 etiam
2464 2140 2542 2207 fit
2595 2142 2842 2209 necesse
2891 2157 3004 2210 aut
3057 2166 3194 2213 non

198 2234 293 2301 fit
340 2283 361 2317 ,
412 2233 481 2298 in
535 2250 813 2323 utraque
864 2254 939 2301 re
990 2237 1285 2305 maxime
1336 2235 1427 2304 est
1479 2236 1901 2325 quaerendum
1950 2286 1965 2304 .
2038 2238 2358 2307 Inciditur
2407 2241 2586 2307 enim
2637 2242 2856 2309 omnis
2907 2245 3042 2321 jam
3091 2244 3200 2313 de-

198 2331 553 2420 liberatio,
604 2333 653 2399 fi
710 2334 1101 2421 intelligitur
1154 2358 1291 2403 non
1344 2335 1509 2423 posse
1563 2337 1747 2419 fieri,
1802 2353 1915 2407 aut
1967 2336 2013 2404 fi
2068 2336 2414 2408 necessitas
2466 2342 2778 2412 affe-rtur:
2835 2346 2906 2413 δι
2963 2344 3076 2433 qui
3128 2342 3198 2413 id

198 2432 483 2521 docuit,
540 2442 703 2499 non·
737 2434 1109 2501 videntibus
1160 2435 1348 2521 aliis,
1400 2437 1453 2501 is
1506 2436 1876 2523 plurimum
1935 2430 2129 2504 vidit.

312 2536 427 2601 Ad
494 2533 847 2604 confilium
902 2552 1128 2603 autem
1194 2535 1272 2601 de
1322 2536 1654 2623 republica
1722 2534 2021 2605 dandum
2067 2589 2088 2622 ,
2156 2554 2354 2628 caput
2405 2540 2500 2609 est
2539 2594 2564 2629 ,
2619 2544 2792 2610 noffe
2843 2542 3200 2631 rempubli-

194 2656 401 2706 cam:
456 2636 538 2703 ad
587 2636 945 2711 dicendum
998 2657 1157 2705 vero
1206 2634 1657 2724 probabiliter,
1709 2637 1878 2705 noffe
1928 2658 2141 2705 mores
2190 2641 2517 2727 civitatis3
2571 2643 2686 2733 qui
2745 2642 2897 2730 quia
2951 2642 3185 2710 crebro

196 2752 605 2824 mutantur,
656 2760 867 2827 genus
921 2758 1182 2828 quoque
1233 2740 1545 2805 orationis
1594 2738 1685 2805 est
1741 2736 1897 2826 saepe
1952 2740 2392 2807 mutandum.
2449 2744 2571 2827 Et,
2623 2762 3006 2831 quanquam
3061 2762 3198 2813 una

198 2839 347 2907 fere
418 2840 519 2906 vis
580 2838 673 2905 est
718 2840 1107 2931 eloquentiae
1144 2892 1165 2927 ,
1232 2853 1455 2905 tamen
1494 2891 1517 2925 ,
1584 2840 1738 2929 quia
1794 2838 2061 2906 summa
2132 2838 2422 2928 dignitas
2469 2842 2562 2906 est
2613 2842 2829 2929 populi
2869 2896 2890 2929 ,
2941 2842 3200 2930 gravis-

196 2938 370 3007 fima
422 2938 626 3010 causa
688 2939 1063 3029 reipublicae
1103 2992 1125 3027 ,
1174 2939 1452 3005 maximi
1504 2947 1725 3015 motus
1791 2939 2292 3028 multitudinis3
2343 2959 2564 3027 genus
2617 2962 2886 3032 quoque
2938 2940 3201 3009 dicendi

194 3038 531 3129 grandius
582 3040 959 3127 quoddam,
1014 3040 1085 3109 δε
1146 3038 1465 3107 illustrius
1514 3041 1635 3107 effe
1688 3038 2131 3110 adhibendum
2187 3038 2442 3107 videtur
2475 3058 2504 3107 t
2558 3045 2989 3132 maximaque
3042 3060 3197 3129 pars

194 3140 525 3209 orationis
595 3136 1009 3207 admovenda
1061 3134 1159 3204 est
1214 3138 1291 3202 ad
1344 3140 1728 3208 animorum
1796 3156 2017 3208 motus
2077 3160 2567 3230 nonnunquam
2637 3158 2750 3210 aut
2805 3145 3200 3210 cohortatio-

202 3262 357 3322 ne,
410 3249 523 3304 aut
571 3240 1205 3305 commemoratione
1253 3237 1475 3324 aliqua
1508 3290 1529 3321 ,
1580 3256 1692 3305 aut
1744 3241 1809 3304 in
1866 3241 2086 3326 spem,
2138 3255 2254 3305 aut
2301 3243 2373 3308 in
2427 3255 2729 3324 metum,
2777 3257 2894 3309 aut
2945 3239 3026 3305 ad
3077 3265 3196 3309 cu·

199 3337 597 3424 piditatem,
645 3352 759 3404 aut
808 3337 893 3405 ad
950 3337 1235 3426 gloriam
1287 3336 1759 3422 concita-ndos;
1810 3337 1971 3424 saepe
2008 3339 2211 3403 etiam
2265 3359 2302 3401 a
2349 3339 2765 3423 temeritate,
2815 3339 3196 3423 iracundia,

198 3435 364 3524 spe,
416 3437 695 3524 injuria,
748 3437 1036 3522 invidia,
1090 3433 1479 3504 crudelitate
1530 3435 1979 3503 revocandos.
2529 3517 2536 3524 ι

308 3540 699 3604 LXXXIII.
768 3538 875 3606 Fit
950 3552 1175 3604 autem
1218 3587 1237 3620 ,
1308 3551 1381 3602 ut
1426 3588 1447 3619 ,
1511 3536 1665 3624 quia
1734 3537 2031 3603 maxima
2102 3533 2288 3623 quasi
2357 3535 2600 3602 oratori
2652 3534 2844 3622 scena
2897 3537 3193 3604 videatur

193 3639 451 3708 concio
489 3690 508 3723 ,
559 3654 801 3706 natura
853 3638 985 3728 ipsa
1040 3639 1123 3704 ad
1176 3637 1477 3703 ornatius
1524 3635 1778 3705 dicendi
1830 3657 2044 3724 genus
2092 3637 2454 3702 excitetur.
2511 3633 2730 3704 Habet
2779 3636 2962 3704 enim
3019 3634 3195 3703 mul·

190 3737 431 3808 titudo
502 3740 645 3806 vim
692 3740 1029 3828 quandam
1080 3737 1289 3805 talem
1330 3788 1351 3820 ,
1422 3751 1499 3803 ut
1547 3735 2109 3826 quemadmodum
2187 3735 2427 3802 tibicen
2483 3735 2616 3802 fine
2667 3737 2844 3804 tibiis
2893 3754 3134 3803 canere
3171 3785 3193 3820 ,

182 3840 293 3909 fic
360 3855 581 3907 orator
628 3893 648 3926 ,
719 3840 857 3908 sine
928 3837 1355 3907 multitudine
1408 3835 1719 3908 audiente
1760 3889 1781 3922 ,
1848 3837 2167 3927 eloquens
2220 3835 2342 3902 effe
2414 3857 2548 3902 non
2606 3835 2837 3922 possit.
2894 3840 2972 3901 Et
3025 3857 3188 3906 cnm

186 3941 331 4008 fint
384 3942 731 4028 populares
782 3941 981 4010 multi
1052 3939 1349 4025 variique
1392 3937 1615 4026 lapsus
1662 3991 1683 4024 ,
1732 3938 2001 4006 vitanda
2058 3936 2145 4004 est
2199 3936 2588 4002 acclamatio
2659 3935 2932 4003 adversa
2985 3957 3192 4024 popu-

188 4041 295 4126 li,
349 4063 499 4132 quae
548 4059 660 4108 aut
708 4041 1027 4110 orationis
1084 4052 1356 4128 peccato
1407 4037 1630 4130 aliquo
1678 4039 2005 4107 excitatur
2056 4089 2077 4123 ,
2131 4034 2179 4102 fi
2234 4035 2496 4124 aspere,
2555 4035 2598 4102 fi
2655 4051 3089 4124 arroganter,
3141 4035 3198 4102 fi·

187 4142 479 4229 turpiter
518 4193 539 4226 ,
612 4142 657 4208 ii
717 4140 971 4209 sordide
1011 4190 1033 4224 ‚
1102 4139 1153 4206 fi
1216 4158 1493 4228 quoquo
1549 4140 1756 4206 animi
1828 4138 1993 4204 vitio
2040 4135 2297 4204 ditium
2347 4137 2467 4202 effe
2541 4135 2794 4225 aliquid
2852 4135 3192 4222 videatur,-

190 4258 316 4312 aut
384 4241 753 4312 hominum·
808 4239 1167 4310 offenfio'ne
1203 4291 1226 4325 ,
1300 4239 1408 4306 vel
1461 4237 1713 4305 invidia
1757 4290 1776 4324 ,
1824 4259 1965 4327 quae
2018 4253 2131 4306 aut
2185 4235 2346 4314 justa
2395 4233 2526 4321 est,
2579 4253 2694 4304 aut
2744 4256 2830 4302 ex
2882 4237 3196 4303 crimina..

186 4342 379 4408 tione
452 4355 645 4433 atque
703 4344 933 4430 fama3
993 4355 1106 4408 aut
1158 4359 1264 4407 res
1318 4339 1363 4406 fi
1414 4335 1759 4426 displicet,
1814 4354 1929 4405 aut
1985 4337 2029 4404 fi
2080 4335 2171 4404 est
2225 4337 2296 4403 in
2349 4336 2572 4423 aliquo
2623 4353 2812 4402 motu
2888 4332 3016 4404 suae
3071 4359 3191 4408 cu-

184 4440 523 4532 piditatis,
578 4459 694 4512 aut
744 4461 960 4510 metus
1014 4436 1418 4508 multitudo.-
1474 4437 1707 4527 hisque
1758 4451 2041 4526 quatuor
2077 4434 2294 4504 causis
2351 4435 2626 4502 totidem
2679 4435 3022 4504 medicinae
3071 4459 3190 4524 op-

184 4557 597 4632 ponuntur:
654 4561 799 4614 tum
852 4541 1231 4630 objurgatio
1276 4591 1297 4625 ,
1352 4539 1397 4606 fi
1450 4537 1541 4604 est
1594 4537 1951 4606 austeritas
1994 4561 2015 4600 .·
2072 4553 2220 4603 turn
2278 4533 2678 4618 admonitiO,
2730 4535 2914 4624 quasi
2967 4535 3182 4602 lenior

182 4643 621 4734 obiurgatio:
676 4662 827 4715 tum
876 4640 1261 4732 promissiO,
1312 4640 1358 4707 si
1411 4639 1793 4722 audierint,
1847 4637 2274 4726 probaturos:
2335 4648 2486 4708 tum
2533 4633 2954 4721 deprecatio,
3003 4637 3176 4722 quod

180 4745 287 4816 est
342 4750 487 4835 (⁴¹)
559 4746 871 4816 infimum
911 4796 934 4831 ‚
1006 4744 1111 4812 sed
1166 4761 1657 4831 nonnunquam
1727 4740 1887 4806 utile
1931 4790 1944 4805 .
2000 4737 2210 4808 Nullo
2264 4751 2486 4803 autem
2539 4734 2686 4802 loco
2741 4735 2885 4823 plus
2945 4735 3191 4802 facetiae

403 4851 577 4915 Tom.
630 4853 687 4914 1.
2106 4839 2157 4902 F
2207 4838 2240 4902 f
2943 4854 3060 4917 pro

262 5079 400 5152 (ἰ)
436 5077 742 5148 Infimum)
779 5078 928 5135 Man.
972 5069 1264 5142 Infirmum
1832 5069 1839 5078 ’
