4359 6321
1243 514 1436 601 '222
1931 496 2162 588 DE
2289 488 3240 582 ORATORE

1120 648 1276 697 nem
1329 630 1395 694 in
1451 618 1685 712 primis
1740 613 2054 686 disertum
2124 632 2325 705 atque
2379 610 2718 679 eruditum
2761 664 2780 694 ,
2831 607 3293 698 Philipppum,
3343 606 3457 695 qui
3511 606 3616 675 ita
3670 606 3830 680 solet
3880 620 3964 685 ad
4017 621 4122 691 di.

1119 728 1409 801 cendum
1468 722 1733 812 surgere
1768 772 1791 807 ,
1858 735 1933 788 ut
1968 773 1989 807 ‚
2040 717 2219 808 quod
2274 715 2564 805 primum
2619 709 2893 778 verbum
2947 710 3284 775 habiturus
3342 706 3476 793 fit,
3529 708 3832 802 nesciat3
3891 721 3964 788 &
4027 726 4122 795 ait

1118 832 1290 899 idem
1331 881 1354 913 ,
1421 845 1577 893 cum
1630 821 1973 889 brachium
2022 815 2527 889 concalefecerit
2562 867 2583 899 ‚
2650 830 2798 879 tum
2854 809 2915 877 se
2973 808 3174 876 {olere
3223 830 3582 899 pugnare3
3637 832 3848 903 neque
3901 840 4114 891 arten-

1117 929 1213 995 dit
1244 980 1267 1014 ,
1310 946 1423 995 eos
1475 922 1649 1013 ipsos
1684 977 1706 1010 ‚
1752 922 1930 991 unde
1980 922 2106 989 hoc
2165 918 2371 986 simile
2421 918 2620 984 ducat
2659 969 2679 1000 ‚
2732 912 2877 978 illas
2929 914 3177 998 primas
3224 910 3440 977 hastas
3495 912 3580 980 ita
3641 915 3890 992 §astare
3941 926 4115 994 leni..

1114 1045 1217 1096 ter
1262 1078 1283 1114 ‚
1352 1044 1427 1095 ut
1479 1029 1549 1095 δε
1610 1022 1931 1094 venustati
1987 1023 2093 1091 vel
2146 1022 2438 1088 maxime
2494 1016 2780 1084 serviant
2822 1064 2844 1096 ‚
2909 1015 2977 1079 &
3044 1011 3320 1098 reliquis
3376 1011 3619 1082 viribus
3693 1016 3823 1085 suis
3873 1025 4113 1093 consu·

1118 1127 1301 1197 lant.
1358 1132 1589 1217 Neque
1641 1125 1733 1195 est
1784 1120 2052 1195 'dubium
2096 1176 2121 1210 ,
2169 1122 2329 1212 quin
2378 1118 2726 1185 exordium
2783 1113 3043 1179 dicendi
3101 1111 3455 1179 vehemens
3513 1117 3582 1183 &
3644 1140 3918 1209 pugnax
3973 1146 4118 1196 non

1117 1228 1278 1317 saepe
1332 1232 1450 1297 effe
1501 1226 1727 1293 debeat
1782 1250 1799 1289 ε
1877 1224 1979 1291 sed
2032 1224 2075 1289 fi
2130 1224 2198 1289 in
2253 1219 2385 1307 ipso
2444 1218 2564 1285 illo
2621 1214 3022 1304 gladiatorio
3075 1213 3219 1279 vitae
3269 1216 3631 1283 certamine
3667 1274 3686 1304 ‚
3747 1245 3886 1313 quo
3933 1225 4114 1296 fen-0

1116 1328 1555 1413 decernitur',
1608 1343 1827 1393 tamen
1888 1342 2039 1395 ante
2092 1321 2510 1411 congreffu'm
2565 1318 2778 1385 multa
2829 1314 3001 1380 fiunt
3042 1364 3064 1398 ,
3119 1335 3256 1402 quae
3315 1337 3452 1380 non
3501 1320 3588 1383 ad
3643 1322 3890 1392 vuinus
3932 1381 3951 1411 ,
4003 1328 4110 1395 sed

1120 1432 1201 1494 ad
1256 1430 1532 1519 speciem
1586 1430 1810 1495 valere
1870 1424 2275 1491 videantur:
2349 1436 2595 1511 quanto
2644 1420 2775 1484 hoc
2829 1416 3045 1503 magis
3113 1415 3180 1481 in
3235 1417 3526 1483 oratione
3592 1421 4110 1511 exspeaandum

1112 1528 1251 1614 est,
1312 1535 1376 1597 in
1432 1551 1563 1619 qua
1622 1550 1751 1592 non
1807 1526 1906 1590 vis
1962 1525 2216 1611 potiuS‚
2273 1522 2379 1592 fed
2432 1519 2782 1590 delectatio
2829 1515 3256 1605 postulatur?
3314 1518 3502 1584 Nihil
3557 1520 3649 1587 est
3701 1526 3986 1617 deniq'ue
4035 1534 4108 1597 in

1120 1646 1357 1696 natura
1414 1648 1639 1695 rerum
1693 1627 1997 1692 omnium
2038 1678 2059 1711 ,
2108 1624 2285 1715 quod
2343 1622 2404 1692 se
2459 1620 2847 1693 universum
2903 1616 3261 1705 profundat
3310 1669 3331 1703 ,
3383 1622 3453 1685 δε
3510 1624 3683 1707 quod
3735 1644 3954 1695 totum
4009 1654 4106 1699 re-

1117 1747 1313 1819 pente
1366 1728 1587 1796 evolet
1626 1774 1642 1793 .
1721 1729 1822 1793 Sic
1876 1729 2101 1793 omnia
2143 1779 2164 1813 ,
2217 1749 2360 1818 quae
2414 1726 2584 1797 fiunt
2637 1740 2906 1815 quaeque
2957 1734 3252 1810 aguntur
3305 1720 3618 1790 acerrime
3652 1777 3674 1812 ,
3746 1726 4109 1802 lenioribus

1114 1831 1461 1920 principiis.
1514 1845 1745 1896 natura
1802 1827 1934 1914 ipsa
1985 1830 2378 1916 praetexuit.

1224 1936 1384 1999 Haec
1438 1948 1659 1997 autem
1733 1932 1800 1996 in
1854 1929 2136 1997 dicendo
2207 1954 2337 1999 non
2390 1926 2810 1998 extrinsecus
2859 1925 3124 1993 aliunde
3175 1926 3528 2015 quaerenda
3565 1979 3587 2013 ‚
3661 1930 3772 2001 sed
3819 1956 3904 2004 ex
3951 1935 4112 2025 ipfis

1116 2031 1473 2099 visceribus
1530 2028 1739 2098 causce
1800 2028 2113 2096 sumenda
2172 2030 2324 2099 sunt
2367 2080 2385 2097 .
2438 2030 2694 2098 Idcirco
2743 2047 2884 2095 tota
2934 2026 3135 2096 causa
3185 2042 3554 2114 pertentata
3605 2048 3800 2121 atque
3844 2036 4103 2125 perspe-

1111 2132 1257 2216 cta,
1314 2131 1480 2197 locis
1532 2131 1843 2199 omnibus
1898 2132 2228 2219 inventiS,
2278 2150 2476 2222 atque
2531 2129 2899 2215 instrueris,
2949 2126 3495 2197 considerandum
3545 2128 3678 2219 est,
3727 2156 3862 2223 quo
3907 2138 4101 2221 prin-

1107 2235 1287 2321 cipio
1342 2232 1414 2298 s1t
1466 2233 1791 2299 utendum
1834 2281 1855 2298 .
1913 2236 2019 2301 Sic
2072 2238 2141 2305 δι
2203 2235 2394 2301 facile
2445 2234 2802 2323 reperietur
2849 2280 2866 2295 .
2941 2235 3298 2297 sumentur
3345 2232 3516 2298 enim
3563 2250 3646 2298 ex
3699 2234 3774 2301 iis
3824 2236 4016 2301 rebus
4059 2286 4090 2319 ,

1112 2357 1254 2424 qux
1310 2349 1509 2399 erunt
1562 2334 1904 2400 uberrimae
1958 2336 2062 2401 vel
2122 2336 2187 2400 in
2242 2335 2650 2423 argumentis
2688 2385 2708 2418 ‚
2781 2331 2884 2397 vel
2939 2333 3008 2397 in
3061 2333 3138 2397 iis
3189 2329 3476 2417 partibus
3525 2385 3546 2419 ‚
3593 2333 3675 2399 ad
3725 2356 3883 2424 quas
3937 2336 4102 2401 dixi

1111 2435 1370 2522 digredi
1430 2432 1583 2519 iit-pe
1636 2451 1965 2522 oportere.
2028 2439 2129 2501 Ita
2183 2439 2250 2505 δε
2315 2436 2631 2503 momenti
2687 2430 2934 2521 aliquid
2991 2430 3301 2517 afferent,
3353 2452 3509 2499 cum
3559 2452 3744 2500 erunt
3791 2456 3954 2523 pene
4003 2456 4102 2500 ex

1111 2538 1353 2601 intima
1406 2535 1779 2600 defensione
1834 2544 1859 2620 (
1888 2539 1983 2618 ⁴¹)
2039 2535 2476 2624 deprompta,
2531 2530 2954 2621 &apparebit
3007 2553 3084 2599 ea
3136 2554 3268 2597 non
3324 2533 3528 2600 modo
3575 2554 3709 2601 non
3745 2540 3862 2604 efl'e
3911 2556 4106 2603 com.

1111 2636 1381 2720 munia,
1436 2656 1552 2701 nec
1604 2638 1671 2702 in
1728 2636 1889 2705 alias
1948 2636 2175 2707 causas
2233 2637 2400 2726 poffe
2447 2634 2802 2705 transferri
2847 2686 2868 2722 2
2920 2630 3023 2703 sed
3078 2634 3341 2721 penitus
3387 2654 3474 2701 ex
3526 2655 3605 2703 ea
3654 2638 3848 2708 causa
3885 2691 3907 2725 ,
3958 2660 4114 2727 quae

1114 2754 1264 2809 tum
1326 2755 1607 2826 agatur,
1656 2739 2045 2809 effloruisse.

1212 2844 1527 2907 LXXIX.
1586 2843 1805 2909 Omne
1862 2862 2085 2909 autem
2143 2844 2535 2933 principium
2589 2859 2706 2910 aut
2754 2846 2845 2909 rei
2897 2843 3139 2925 totiuS,
3189 2862 3332 2929 quae.
3384 2860 3623 2931 agetur
3677 2836 4100 2932 significatio-4

1112 2961 1269 3007 nem
1322 2939 1561 3007 habere
1608 2940 1861 3008 debebit
1902 2996 1929 3029 ,
1976 2960 2091 3009 aut
2144 2946 2405 3011 aditum
2462 2946 2544 3010 ad
2597 2945 2868 3010 cansam
2921 2944 2992 3010 ὅ(
3051 2944 3490 3011 munitionem
3529 2995 3548 3024 ,
3602 2960 3718 3010 aut
3779 2945 4100 3034 quoddam

1111 3060 1586 3109 ornamentum
1640 3048 1710 3111 ὅ(
1769 3043 2157 3131 dignitatem
2203 3094 2218 3113 .
2296 3046 2418 3111 Sed
2473 3066 2722 3131 oportet
2777 3060 2851 3111 ut
2901 3042 3142 3110 aedibus
3201 3062 3280 3107 ac
3337 3044 3612 3129 templis
3660 3044 3976 3113 vestibula
4027 3050 4102 3117 δε

1112 3142 1334 3211 aditus
1379 3196 1398 3230 ,
1452 3142 1533 3211 fic
1592 3143 1801 3211 caufis
1854 3146 2169 3234 principia
2225 3148 2644 3236 proportione
2699 3165 2930 3213 rerum
2980 3163 3356 3232 praeponere
3395 3194 3412 3210 .
3473 3149 3710 3234 Itaque
3759 3148 3828 3212 in
3885 3149 4107 3236 parvis

1118 3261 1311 3334 atque
1362 3245 1891 3334 infrequentibus
1944 3247 2162 3316 caufis‘
2206 3257 2412 3338 (5³)
2469 3247 2547 3314 ab
2599 3250 2732 3334 ipia
2789 3267 2857 3312 re
2905 3247 2994 3312 est
3049 3244 3338 3311 exordiri
3393 3247 3553 3336 saepe
3606 3251 4056 3320 commodius,

1222 3345 1349 3412 Sed
1401 3369 1561 3413 cum
1614 3337 1735 3412 erit
1786 3349 2111 3416 utendum
2163 3350 2484 3438 principio
2537 3347 2762 3438 (quod
2819 3347 3204 3434 plerumque
3255 3348 3440 3428 erit)
3496 3365 3609 3415 aut
3655 3369 3740 3413 ex
3781 3369 3938 3436 ree,
3989 3370 4115 3421 aut

1117 3467 1205 3514 ex
1257 3447 1633 3514 adversario
1669 3498 1690 3532 ‚
1740 3467 1853 3518 aut
1906 3471 1993 3516 ex
2052 3471 2123 3518 re
2162 3503 2184 3536 ,
2236 3468 2348 3516 aut
2398 3469 2478 3516 ex
2533 3452 2626 3515 eis
2666 3501 2687 3534 ,
2758 3450 2932 3536 apud
2987 3467 3148 3536 quos
3203 3448 3474 3536 agitur,
3541 3449 3891 3513 stutentias
3945 3453 4120 3522 duci

1120 3546 1372 3614 licebit.
1428 3551 1526 3612 Ex
1588 3569 1700 3613 reo
1733 3603 1753 3634 ‚
1792 3567 1994 3640 (reos
2046 3553 2344 3640 appe110‚
2397 3570 2687 3638 quorum
2741 3571 2842 3617 res
2896 3547 3039 3634 est)
3093 3569 3233 3636 quae
3292 3547 3644 3636 fignificent
3703 3546 3926 3614 virum
3979 3552 4112 3619 bo·-

1122 3666 1289 3711 num
1328 3698 1348 3728 ,
1417 3668 1559 3732 quae
1612 3647 1949 3716 liberalem
1984 3703 2013 3733 ‚
2078 3676 2222 3738 quae
2275 3651 2736 3717 calamitosum
2778 3659 2799 3736 '‚
2868 3673 3016 3738 quae
3064 3648 3496 3716 misericordia
3543 3648 3818 3735 dignum
3856 3701 3879 3733 ‚
3951 3673 4112 3739 quae

1129 3745 1398 3810 valeant
1450 3761 1685 3812 contra
1742 3749 1975 3814 falsam
2028 3750 2564 3816 criminationem
2602 3799 2619 3817 .
2697 3753 2796 3816 Ex
2853 3750 3225 3817 adversario
3259 3803 3281 3837 ‚
3330 3749 3560 3817 iisdem
3611 3769 3692 3813 ex
3745 3750 3912 3817 locis
3966 3752 4122 3824 fere

1128 3847 1497 3912 contraria.
1556 3849 1649 3910 Ex
1708 3869 1819 3930 re,
1874 3847 1916 3912 s1
1971 3850 2300 3932 crudelis,
2351 3849 2396 3912 fi
2453 3848 2721 3914 infanda
2759 3901 2780 3932 ,
2836 3853 2887 3916 fi
2934 3871 3165 3939 praeter
3215 3852 3590 3937 opinionem
3631 3899 3651 3934 ,
3704 3849 3750 3915 fi
3808 3850 4110 3923 immeri-

1127 3961 1199 4010 to
1234 3995 1257 4028 ,
1332 3944 1376 4010 s1
1428 3941 1665 4013 misera
1702 4000 1723 4034 ‚
1776 3947 1823 4013 s1
1875 3947 2134 4034 ingrata
2177 4002 2196 4034 ,
2250 3949 2297 4014 fi
2359 3948 2632 4034 indigna
2673 3999 2697 4030 ‚
2741 3949 2789 4014 fi
2843 3971 3028 4018 nova
3063 4005 3085 4036 ‚
3161 3950 3211 4018 st
3267 3974 3420 4041 quae·
3462 3951 3706 4019 restitui
3765 3951 4118 4046 sanarique

1132 4065 1275 4112 non
1328 4043 1566 4133 possit.
1621 4049 1731 4116 Ex.
1776 4048 1853 4112 iis
1909 4061 2130 4114 autem
2172 4100 2196 4134 ,
2249 4045 2421 4133 apud
2475 4067 2641 4136 quos
2687 4063 2924 4134 agetur
2968 4101 2988 4132 ‚
3037 4069 3114 4118 ut
3164 4049 3515 4121 benevolos
3552 4105 3573 4138 ,
3625 4051 3911 4144 beneque
3961 4059 4104 4123 exi-

1134 4145 1472 4212 stimantes
1525 4147 1941 4215 efficiamus:
1994 4147 2169 4235 quod
2224 4144 2476 4236 agendo
2530 4148 2806 4220 efficitur
2859 4151 3100 4219 melius
3136 4203 3158 4236 ‚
3213 4173 3422 4241 quam
3473 4154 3766 4242 rogando
3799 4203 3822 4220 .
3869 4156 3978 4220 Est
4025 4155 4108 4220 id

1132 4248 1397 4335 quide-m
1450 4250 1522 4314 in
1571 4265 1781 4316 totam
1830 4249 2206 4314 orationem
2257 4247 2798 4317 confundendum
2840 4303 2861 4336 ,
2911 4273 3032 4319 nec
3088 4254 3360 4321 minime
3411 4253 3477 4321 in
3535 4271 3936 4323 extremam:
3993 4253 4114 4322 fec!

1133 4365 1355 4412 tamen
1416 4348 1631 4415 multa
1684 4351 2003 4437 principia
2054 4371 2137 4416 ex
2185 4373 2263 4417 eo
2315 4369 2558 4436 genere
2608 4355 3012 4440 gignuntur.
3067 4359 3244 4420 Nam
3300 4357 3370 4422 ὅ(
3429 4371 3758 4423 attentum
3815 4375 4100 4426 monent

1140 4449 1352 4515 Graeci
1402 4463 1475 4515 ut
1527 4451 1850 4540 principio
1904 4451 2227 4520 faciamus
2286 4451 2576 4530 judicem
2630 4455 2698 4522 dc
2753 4455 3080 4544 docilem5
3131 4476 3272 4542 quae
3327 4454 3478 4522 iix-nt
3515 4456 3746 4541 utilia,
3800 4456 3912 4524 sed
3968 4479 4110 4525 non

3817 4558 4012 4646 prin-

1142 4735 4106 4774 w

1205 4877 1321 4938 (⁴¹)
1360 4881 1687 4946 Deprompra
1722 4878 1750 4937 )
1804 4875 1949 4932 vict.
2002 4879 2169 4932 Grut.
2222 4875 2567 4950 deprompta,
2667 4894 2975 4950 quentatas,
3011 4875 3125 4932 five
3159 4895 3263 4943 eas,
3297 4897 3416 4949 quae
3448 4898 3564 4938 non
3605 4881 3748 4937 tanti
3785 4899 3946 4940 erant
3979 4901 4106 4939 mo·

1136 4943 1205 5009 &
1242 4946 1527 5016 apparebit
1560 4983 1577 5000 .
1616 4985 1637 4999 .
1672 4985 1694 4999 .
1725 4965 1815 5002 eas
1852 4986 1869 5002 .
1908 4984 1925 5002 .
1961 4985 1975 5000 .
2014 4963 2352 5010 communes,
2669 4947 2902 5014 menti⁸,
2954 4963 3016 5004 ut
3051 4966 3206 5020 quam
3243 4948 3468 5019 plurimi
3507 4953 3572 5012 iis
3605 4951 3916 5021 judicandis
3951 4953 4106 5012 inte-

1206 5019 1367 5085 (5²)
1405 5015 2045 5093 Atqueinfrequemibus
2063 5015 2280 5088 causis)
2315 5021 2414 5074 Per
2429 5038 2567 5076 cau-
2669 5015 2801 5078 reffe
2837 5017 3087 5080 solerem:
3111 5059 3128 5075 .
3162 5019 3314 5078 lima
3334 5058 3359 5079 0

1124 5083 1221 5152 sas
1276 5089 1644 5164 infrequentes
1698 5086 1947 5162 intellige
1998 5086 2168 5146 causas
2220 5106 2416 5162 parum
2459 5087 2578 5146 fre*
