4359 6321
1250 497 1451 607 416·
1841 546 1861 557 -
2052 491 2125 576 Ο
2249 487 2340 580 R
2459 483 2571 578 A
2685 473 2774 573 Τ
2894 487 2972 572 O
3090 483 3230 575 R.

1138 610 1383 698 busne,
1434 630 1519 678 an
1576 607 1897 699 fingulis:
1956 605 2363 710 imparibus,
2417 625 2504 672 an
2553 601 2968 698 aequalibus.:
3027 605 3096 674 δι
3151 596 3422 694 quando
3471 614 3588 669 aut
3638 599 3775 671 istis
3811 653 3836 692 ,
3881 619 3999 676 aut
4049 609 4144 679 il..

1132 711 1222 780 lis‘
1274 711 1350 780 fit
1404 709 1729 779 utendum
1772 732 1796 772 .-
1870 730 2143 802 quaeque
2199 711 2373 776 inter
2427 705 2491 773 se
2561 705 2878 796 aptiffime
2950 705 3367 774 collocentur
3405 755 3427 790 ‚
3479 704 3552 772 δε
3609 707 3984 796 quomodo:
4037 731 4138 782 an

1134 815 1409 882 omnino
1480 811 1671 879 nulla
1730 811 1806 877 fit
1862 811 1930 878 in
1980 828 2061 878 eo
2106 829 2352 900 genere
2399 807 2780 876 distinfflo:
2857 806 3168 898 quodque
3237 804 3320 872 ad
3389 825 3534 874 rem
3589 808 3886 878 maxime
3937 815 4142 904 perti.

1132 933 1287 1002 net,
1336 933 1467 1002 qua
1520 915 1774 980 ratione
1826 911 2177 982 numerosa
2256 907 2378 978 fiat
2431 911 2648 978 oratio
2686 956 2701 974 .
2759 907 3259 997 Explicandum
3311 906 3516 974 etiam
3567 907 3702 995 est,
3749 913 3930 980 unde
3975 934 4138 986 orta.

1140 1017 1219 1084 fit
1275 1014 1496 1080 forma
1550 1013 1949 1082 verborum:
2004 1011 2529 1102 dicendumque,
2583 1023 2862 1098 quantos
2911 1010 3231 1077 circuitus
3287 1006 3505 1078 facere
3553 1009 3786 1080 deceat
3821 1063 3837 1079 .
3891 1015 4138 1106 Deque

1133 1135 1372 1187 eorum
1428 1117 1801 1204 particulis,
1856 1116 1927 1184 &
1988 1131 2310 1207 tanquam
2361 1108 2776 1180 incisionibus
2827 1109 3268 1178 differendum
3319 1109 3457 1198 est,
3507 1112 4075 1208 quaerendumque
4112 1171 4140 1206 ,

1136 1236 1368 1284 utrum
1418 1236 1550 1284 una
1607 1215 1963 1306 species'&
2021 1214 2380 1304 longitudo
2433 1212 2509 1278 (it
2561 1231 2841 1296 earum,
2896 1231 3069 1279 anne
3118 1209 3375 1299 plures3
3429 1214 3549 1300 &,
3598 1214 3645 1282 fi
3687 1215 3945 1304 plures,
3992 1242 4138 1310 quo

1141 1321 1335 1404 loco,
1390 1335 1505 1388 aut
1562 1315 1879 1408 quando,
1934 1337 2196 1406 quoque
2249 1332 2489 1403 genere
2545 1312 2640 1380 uti
2695 1327 3029 1400 oporteat.
3086 1311 3417 1380 Postremo
3470 1315 3671 1384 totius
3708 1320 3965 1406 generis
3999 1323 4136 1389 uti.

1140 1423 1287 1489 litas
1334 1419 1723 1506 explicanda
1780 1415 1913 1500 est,
1964 1439 2107 1506 quae
2162 1414 2432 1505 quidem
2487 1427 2662 1503 patet
2715 1413 2947 1485 latius.
3001 1415 3158 1482 Non
3212 1413 3294 1480 ad
3345 1435 3556 1484 unam
3591 1417 3773 1488 enim
3809 1439 3960 1492 rem
4008 1425 4136 1491 ali-

1136 1543 1381 1612 quam,
1437 1519 1542 1585 sed
1592 1521 1675 1584 ad
1731 1517 1953 1606 plures
2003 1515 2585 1586 accommodatur.

1236 1625 1341 1688 Ac
1393 1612 1543 1686 licet
1587 1672 1609 1705 ,
1681 1636 1811 1684 non
1868 1618 1947 1684 ad
2009 1618 2300 1708 singulas
2351 1639 2456 1686 res
2507 1616 3040 1706 respondentem,
3093 1615 3172 1684 de
3221 1614 3536 1688 universo
3585 1643 3831 1712 genere
3887 1623 3974 1694 fic
4023 1625 4124 1692 di-

1135 1743 1281 1792 cere
1324 1772 1345 1808 ,
1412 1735 1489 1794 ut
1542 1720 1743 1786 etiam
1798 1717 2081 1808 singulis
2133 1721 2289 1787 satis
2343 1719 2730 1808 responsum
2786 1721 2907 1787 effe
2963 1719 3255 1786 videatur
3294 1768 3309 1785 .
3365 1725 3666 1792 Remotis
3715 1726 3926 1815 igitur
3977 1727 4132 1796 reli-

1136 1827 1283 1914 quis
1336 1818 1689 1910 generibus
1763 1842 1976 1889 unum
2034 1818 2432 1910 selegimuS‚
2500 1821 2630 1888 hoc
2677 1871 2698 1906 ‚
2768 1819 2944 1910 quod
2995 1823 3063 1886 in
3117 1820 3376 1907 causis,
3429 1823 3706 1916 foroque
3760 1827 4060 1896 versatur
4107 1881 4134 1916 ,

1135 1928 1214 2000 de
1284 1945 1417 2012 quo
1491 1921 1860 1991 diceremus
1902 1972 1917 1989 .
1974 1925 2153 2012 Ergo
2201 1923 2276 1989 in
2329 1923 2519 2006 aliis,
2570 1921 2634 1987 id
2687 1919 2824 2008 est,
2870 1922 2940 1986 in
2991 1920 3306 2010 historia,
3361 1925 3432 1993 δε
3489 1927 3561 1994 in
3607 1947 3688 1994 eo
3724 1980 3745 2016 ,
3797 1928 3972 2020 quod
4024 1950 4138 2018 ap-

1137 2025 1461 2116 pellamus
1519 2021 1923 2111 ἐπιδεικτικὸν,
1980 2025 2191 2112 placet
2245 2025 2470 2091 omnia
2519 2021 2650 2090 dici
2706 2021 3072 2108 Isocrateo,
3123 2023 3718 2117 Theopompeoque
3766 2051 4004 2117 more,
4053 2030 4142 2097 il-

1136 2131 1201 2196 la
1253 2128 1896 2218 circumscriptione,
1950 2125 2375 2216 ambituque,
2429 2141 2501 2193 ut
2557 2141 2886 2214 tanquam
2942 2125 3007 2190 in
3059 2122 3214 2191 orbe
3261 2125 3510 2193 inclusa
3565 2147 3794 2196 currat
3859 2134 4138 2218 oratio,

1138 2227 1355 2322 quoad
1430 2229 1675 2298 infistat
1753 2230 1820 2298 in
1898 2227 2175 2318 fingulis
2227 2217 2534 2316 perfectis
2571 2279 2594 2314 ,
2664 2224 3104 2316 absolutisque
3159 2225 3482 2295 sententiis
3523 2276 3540 2296 .
3591 2231 3822 2319 Itaque
3873 2231 4146 2319 postea-

1140 2351 1343 2423 quam
1396 2330 1489 2398 est
1542 2350 1693 2399 nata
1746 2331 1885 2400 haec
1942 2330 2046 2398 vel
2098 2327 2676 2420 circumscriptio,
2733 2327 2836 2396 vel
2890 2326 3423 2415 comprehensio,
3469 2329 3576 2397 vel
3631 2331 4055 2400 continuatio
4113 2383 4148 2417 ,

1032 2519 1037 2524 ,
1141 2433 1249 2500 vel
1308 2433 1632 2521 ambitus,
1686 2433 1731 2501 fi
1785 2435 1871 2500 ita
1924 2435 2077 2500 licet
2128 2431 2387 2500 dicere:
2447 2448 2690 2515 nemo,
2742 2430 2855 2520 qui
2909 2429 3135 2518 aliquo
3183 2429 3334 2502 esset
3385 2431 3454 2496 in
3505 2451 3826 2520 numero,
3879 2431 4142 2521 scripsit

1140 2534 1506 2603 orationem
1582 2536 1842 2624 generis
1914 2537 2058 2615 ejus
2099 2588 2118 2620 ‚
2189 2533 2368 2624 quod
2437 2529 2599 2600 esset
2653 2532 2734 2598 ad
2785 2529 3291 2598 delectationem
3361 2545 3862 2621 comparatum,
3913 2553 4140 2602 remo-

1140 2651 1415 2724 tumque
1472 2656 1509 2702 a
1564 2635 1827 2716 judiciis
1880 2637 2250 2725 forensique
2305 2635 2715 2719 certamine,
2767 2635 2926 2726 quin
2981 2631 3312 2720 redigeret
3367 2653 3602 2702 omnes
3655 2633 3794 2704 fere
3843 2636 3914 2702 in
3965 2658 4134 2730 qua-

1141 2736 1337 2804 drum
1388 2758 1876 2828 numerumque
1929 2737 2325 2806 sententias.
2381 2739 2560 2803 Nam
2613 2757 2768 2804 cum
2823 2737 2878 2802 is
2927 2731 3021 2799 est
3077 2733 3380 2821 auditor,
3432 2734 3547 2824 qui
3599 2755 3733 2802 non
3775 2754 4132 2826 vereatur,

1140 2860 1224 2905 ne
1296 2840 1661 2928 compositae
1734 2841 2047 2907 orationis
2098 2837 2348 2907 infidiis
2403 2838 2518 2905 sua
2593 2835 2755 2905 fides
2809 2849 3170 2904 attentetur
3209 2887 3231 2922 ,
3283 2837 3572 2925 gratiam
3621 2857 3885 2936 quoque
3932 2837 4132 2908 habet

1138 2943 1423 3026 oratori,
1482 2943 1801 3029 voluptati
1855 2944 2115 3008 aurium
2169 2939 2517 3007 servienti.

1240 3044 1459 3108 LXII.
1517 3045 1745 3110 Genus
1796 3059 2021 3111 autem
2073 3040 2200 3108 hoc
2253 3039 2569 3108 orationis
2633 3060 2847 3130 neque
2899 3027 3132 3108 toturn'
3174 3037 3648 3110 assumendum
3707 3039 3801 3112 est
3849 3041 3927 3110 ad
3971 3062 4136 3112 cau-

1141 3139 1240 3208 sas
1296 3140 1633 3229 forenseS,
1688 3164 1903 3233 neque
1952 3143 2228 3212 omnino
2277 3139 2756 3230 repudiandum
2780 3191 2807 3235 ·.
2855 3142 2922 3209 Si
2975 3142 3161 3212 enim
3217 3141 3465 3237 semper
3515 3159 3752 3232 utare,
3823 3164 3976 3219 cum
4027 3141 4132 3211 sa-

1140 3247 1431 3318 tietatem
1486 3243 1721 3331 affert,
1774 3262 1963 3333 tum,
2016 3244 2216 3339 quale
2269 3243 2388 3329 fit,
2440 3242 2639 3309 etiam
2692 3241 2769 3310 ab
2823 3244 3140 3333 imperitis
3160 3244 3578 3333 agnoscitur.
3637 3248 3934 3316 Detrahit
3974 3268 4156 3335 prae-·

1138 3364 1313 3413 terea
1368 3347 1645 3415 actionis
1697 3344 2045 3435 dolorem,
2098 3346 2314 3415 aufert
2363 3342 2741 3414 humanum
2789 3346 3052 3414 sensum
3109 3344 3389 3431 astoris,
3443 3347 3622 3415 tollit
3661 3348 3968 3417 funditus
4019 3372 4133 3416 ve·

1138 3449 1399 3515 ritate-m
1456 3450 1526 3519 ὅ(
1587 3448 1823 3517 fidem.
1879 3450 2047 3536 Sed,
2100 3447 2423 3541 quoniam
2475 3450 2562 3538 (⁴²
2593 3458 2618 3534 )
2679 3446 3049 3517 adhibenda
3103 3469 3587 3538 nonnunquam
3636 3448 3772 3537 est,
3827 3452 4134 3549 primum

1140 3550 1504 3617 videndum
1574 3549 1710 3640 est,
1758 3571 1891 3643 quo
1938 3551 2085 3619 loco
2124 3603 2148 3643 ‚
2231 3546 2470 3623 deinde
2523 3570 2726 3662 quam
2779 3548 2891 3628 diu
2943 3550 3286 3625 retinenda
3337 3550 3457 3639 fit,
3508 3566 3653 3629 tum
3705 3570 3867 3651 quot
3917 3553 4136 3629 modis

1136 3652 1640 3720 commutanda.

1142 3810 1151 3819 .
1240 3750 1639 3821 Adhibenda
1704 3757 1795 3825 est
1846 3760 2051 3849 igitur
2102 3756 2460 3829 numerosa
2509 3760 2723 3828 oratio
2761 3812 2782 3845 ,
2839 3758 2888 3828 fi
2942 3775 3054 3827 aut
3109 3757 3524 3828 laudandum
3573 3756 3664 3825 est
3715 3757 3976 3849 aliquid
4027 3778 4134 3827 or-

1136 3852 1393 3940 natius,
1448 3870 1521 3922 ut
1574 3877 1695 3925 nos
1746 3860 1816 3930 in
1868 3856 2336 3930 Accusationis
2392 3858 2678 3929 secundo
2727 3860 2808 3928 de
2862 3862 3098 3931 Siciliae
3146 3861 3339 3929 laude
3385 3862 3678 3931 diximus
3695 3886 3718 3947 3
3769 3877 3887 3927 aut
3925 3860 3994 3927 in
4037 3856 4132 3931 se.

1136 3970 1298 4021 natu
1348 3954 1427 4023 de
1478 3956 1828 4026 consulatu
1904 3983 2055 4031 meo
2090 3982 2113 4023 .·
2169 3980 2287 4031 aut
2335 3962 2731 4050 exponenda
2783 3964 3124 4048 narrati0,
3174 3985 3318 4053 quae
3372 3962 3520 4051 plus
3572 3962 3916 4052 dignitatis
3965 3961 4138 4029 defi-

1138 4056 1362 4140 derat,
1412 4078 1618 4147 quam
1670 4059 1961 4148 doloris,
2015 4080 2088 4130 ut
2144 4064 2212 4127 in
2267 4080 2514 4151 quarto
2569 4063 3039 4131 Accusationis
3091 4064 3175 4131 de
3227 4065 3512 4139 Ennensi
3551 4068 3824 4149 Cerere,
3873 4062 3956 4129 de
4002 4067 4138 4131 Se-

1140 4158 1405 4245 gestana
1464 4160 1722 4247 Diana,
1792 4161 1878 4228 de
1929 4162 2412 4247 Syracusarum
2467 4162 2587 4229 situ
2643 4162 2981 4234 diximus.
3037 4168 3215 4254 Saepe
3263 4166 3468 4237 etiam
3539 4166 3608 4233 in
3659 4160 4140 4251 amplificanda

1138 4280 1255 4346 re,
1305 4260 1605 4329 concess‘u
1679 4262 1986 4330 omnium
2037 4264 2344 4331 funditur
2395 4265 2752 4332 numerose
2821 4268 2893 4335 δε
2951 4262 3328 4335 volubiliter
3384 4267 3635 4335 oratio.
3687 4263 3764 4331 Id
3813 4285 3934 4335 nos
3987 4265 4136 4335 for-

1134 4360 1287 4430 taffe
1340 4383 1472 4429 non
1530 4362 1935 4452 perfecimus
1976 4418 1997 4453 ‚
2046 4366 2276 4435 conati
2325 4367 2598 4455 quidem
2649 4364 2975 4455 saepiffime
3027 4366 3255 4436 sumus
3297 4389 3313 4434 ε
3365 4370 3540 4459 quod
3615 4368 3916 4457 plurimis
3969 4366 4138 4436 locis

1136 4465 1576 4549 perorationes
1628 4466 1854 4536 nostrae
1912 4468 2179 4549 voluiffe
2231 4488 2388 4555 nos,
2441 4484 2638 4557 atque
2695 4470 2922 4537 animo
2968 4470 3367 4539 contendisse
3419 4469 3774 4538 declarant
3812 4518 3830 4537 .
3881 4469 3959 4535 Id
4009 4491 4136 4539 au-

1134 4580 1271 4631 tem
1341 4582 1492 4638 tum
1564 4567 1737 4635 valet
1772 4621 1795 4654 ‚
1862 4590 2023 4636 cum
2094 4569 2150 4636 is
2187 4572 2226 4657 ,l
2275 4571 2389 4661 qui
2467 4569 2652 4637 audit
2693 4623 2714 4661 ,
2766 4570 2846 4637 ab
2920 4584 3179 4639 oratore
3248 4572 3386 4651 jam
3463 4568 3742 4643 obseffus
3817 4568 3912 4638 est
3959 4622 3981 4657 ,
4051 4592 4132 4640 ac

1136 4682 1393 4741 tenetur
1443 4714 1459 4743 ,
1534 4670 1688 4736 Non
1752 4670 1935 4743 enim
2006 4670 2075 4739 id
2144 4671 2284 4763 agit
2321 4721 2344 4758 ,
2415 4687 2490 4738 ut
2565 4669 2909 4743 insidietur
2983 4673 3055 4742 δε
3111 4670 3462 4743 observet:
3533 4670 3644 4741 sed
3714 4674 3851 4753 jam
3905 4672 4133 4765 favet,

3459 4790 3468 4801 ·
3877 4794 4032 4863 pro-

1120 4972 4098 5042 Μ

1220 5112 1336 5177 (⁴¹)
1374 5116 1784 5191 Adhibenda)
1834 5115 2012 5177 Lamb.
2048 5114 2424 5177 adhibendum
2457 5154 2478 5177 0
2511 5158 2530 5179 .
2564 5156 2582 5177 .
2618 5116 2967 5179 retinendum
2999 5155 3015 5175 .
3051 5158 3070 5179 .
3105 5156 3120 5174 .
3153 5114 3641 5179 commutandum.
