4359 6321
1221 603 1338 697 32
1649 565 1820 654 DE
1885 489 2663 651 INVENTIONE
2734 551 3466 644 RHETORICA

1183 683 1672 774 Assumptionis
1741 699 1970 750 autem
2037 677 2501 767 approbatione
2553 674 2875 761 praeterita
2920 725 2942 757 ,
3012 673 3489 763 quadripartita
3564 670 3649 741 lie
3722 671 3844 742 fiet
3890 697 4107 768 argu.

1086 787 1441 862 mentatio:
1498 787 1636 870 Qui
1689 783 2128 874 saepenumero
2182 797 2305 844 nos
2358 797 2472 863 per
2530 774 2728 840 fidem
2782 774 3220 858 fefellerunt,
3272 793 3506 842 eorum
3550 776 3833 842 orationi
3888 779 4099 849 fidem

1087 889 1324 962 habere
1373 908 1503 956 non
1556 887 1904 956 debemus.
1937 883 2022 948 =si
2075 877 2237 969 quid
2284 879 2465 944 enim
2520 875 2787 964 perfidia
2840 876 3113 946 illorum
3168 875 3548 952 detrimenti
3603 880 4091 968 acceperimus,

1087 1011 1290 1062 nemo
1343 995 1462 1060 erit
1499 1041 1520 1076 ‚
1573 1004 1804 1076 praeter
1855 978 2278 1067 nosmetipsos
2314 1029 2335 1062 ,
2383 997 2582 1068 quem
2634 977 2783 1054 jure
2838 975 3143 1044 accusare
3192 976 3501 1062 poffimus
3544 1025 3559 1044 .
3634 986 3735 1047 Ac
3793 985 4089 1067 primum

1087 1093 1360 1184 quidem
1408 1091 1616 1176 decipi
1665 1085 2168 1154 incommodum
2216 1077 2359 1146 est:
2416 1080 2659 1144 iterum
2695 1129 2716 1161 ,
2770 1077 3043 1146 stultum
3082 1099 3101 1142 t
3156 1079 3476 1166 tertium,
3524 1097 3753 1168 turpe.
3804 1083 4113 1152 Cartha..

1086 1193 1392 1285 ginenses
1441 1205 1664 1256 autem
1719 1185 1998 1273 persaepe
2050 1182 2187 1260 iam
2238 1175 2359 1246 nos
2414 1176 2790 1245 fefellerunt
2830 1225 2847 1244 .
2919 1185 3197 1246 summa
3250 1181 3457 1265 igitur
3522 1185 3817 1250 amentia
3868 1183 3964 1251 est
4016 1184 4088 1249 in

1085 1315 1324 1363 eorum
1375 1289 1507 1356 fide
1562 1286 1740 1374 spem
1789 1282 2067 1369 habere,
2116 1301 2405 1373 quorum
2456 1278 2730 1368 perfidia
2783 1284 2973 1346 toties
3022 1282 3335 1366 deceptus
3387 1279 3507 1374 fis.

1195 1396 1496 1480 Utraque
1547 1385 2009 1477 approbatione
2061 1383 2433 1473 praeterita,
2483 1380 2809 1468 tripartita
2862 1379 2977 1467 fit,
3028 1384 3159 1450 hoc
3218 1381 3452 1467 pasto:
3508 1386 3648 1454 Aut
3700 1401 4092 1457 metuamus

1089 1489 1644 1580 Carthaginenses
1691 1506 1977 1578 oportet,
2031 1487 2077 1554 st
2135 1485 2502 1551 incolumes
2552 1503 2660 1550 eos
2714 1484 3218 1572 reliquerimus3
3272 1501 3385 1550 aut
3428 1506 3663 1554 eorum
3708 1485 3936 1558 urbem
3988 1488 4099 1552 diae

1089 1613 1404 1664 ruamus.
1461 1595 1564 1658 Ac
1615 1610 1908 1660 metuere
1941 1585 2207 1679 quidem
2254 1606 2382 1651 non
2418 1602 2709 1670 oportet.
2772 1584 2989 1651 Restat
3032 1586 3269 1670 igitur,
3326 1601 3399 1648 ut
3436 1587 3663 1656 urbem
3698 1590 4089 1656 diruamus.

1195 1699 1339 1762 XL.
1391 1699 1557 1760 Sunt
1607 1715 1830 1761 autem
1889 1693 2000 1782 qui
2055 1701 2285 1777 putant
2344 1707 2825 1773 nonnunquam
2878 1683 3059 1770 posse
3111 1685 3573 1768 complexione
3646 1695 3716 1760 δε
3793 1705 4105 1773 oportere

1090 1795 1558 1884 supersederi,
1619 1818 1778 1864 cum
1847 1793 1908 1859 id
1961 1789 2373 1879 perspicuum
2451 1786 2525 1852 fit
2579 1839 2602 1872 ,
2670 1785 2840 1873 quod
2910 1786 3311 1852 conficiatur
3380 1805 3463 1852 ex
3518 1790 4017 1854 ratiocinatione
4072 1833 4090 1853 .

1093 1899 1298 1983 Quod
1353 1896 1400 1962 fi
1453 1897 1615 1979 fiat,
1667 1895 2034 1962 bibartitam
2088 1911 2347 1980 quoque
2402 1885 2541 1952 fieri
2594 1889 3251 1974 argumentationem
3291 1935 3311 1967 ‚
3360 1885 3485 1952 hoc
3540 1891 3734 1956 modo
3781 1914 3797 1951 ε
3854 1885 3917 1952 Si
3972 1905 4093 1973 pe·-

1090 1998 1296 2086 perit,
1347 1997 1538 2083 virgo
1591 2019 1724 2061 non
1775 1995 1902 2062 est.
1963 1993 2217 2079 Peperit
2273 2005 2530 2056 autem.
2584 1989 2714 2054 Hic
2774 1986 2922 2052 satis
2974 1985 3110 2052 esse
3162 1987 3392 2052 dicunt
3442 2007 3837 2076 proponere,
3890 1984 4095 2052 &as-

1091 2097 1390 2166 sumere:
1445 2098 1758 2186 quoniam
1819 2094 2232 2183 perspicuum
2286 2089 2363 2156 fit
2405 2140 2425 2173 ,
2476 2089 2651 2178 quod
2701 2088 3093 2156 conficiatur
3144 2136 3167 2171 ,
3214 2087 3701 2173 complexionis
3754 2106 3895 2153 rem
3948 2107 4093 2154 non

1090 2200 1392 2286 indigere
1431 2243 1448 2262 .
1517 2199 1722 2264 Nobis
1777 2215 1998 2262 autem
2056 2194 2314 2260 videtur
2366 2192 2437 2258 &
2495 2190 2712 2254 omnis
2763 2191 3173 2256 ratiocinatio
3240 2186 3689 2256 concludenda
3742 2188 3935 2272 esse3
4012 2188 4087 2256 &t

1091 2296 1261 2366 illud
1316 2301 1550 2366 vitium
1589 2351 1610 2384 ,
1677 2297 1850 2388 quod
1905 2298 2040 2362 illis
2090 2293 2385 2379 displicet
2424 2342 2443 2373 ,
2496 2309 2903 2377 magnopere
2964 2288 3305 2360 vitandum
3345 2340 3369 2376 ,
3418 2311 3501 2357 ne
3544 2343 3564 2376 ,
3616 2287 3792 2380 quod
3841 2285 4091 2376 perspi·

1092 2421 1302 2470 cuum
1353 2399 1469 2485 fit,
1519 2399 1584 2465 id
1635 2401 1702 2466 in
1755 2397 2293 2484 complexionem
2345 2389 2750 2454 inferamus·
4003 2411 4011 2418 -

1200 2503 1353 2568 Hoc
1404 2517 1620 2566 autem
1675 2499 1818 2564 fieri
1869 2495 2148 2582 poterit,
2202 2491 2247 2553 fi
2299 2487 2841 2572 complexionum
2888 2510 3131 2579 genera
3184 2493 3681 2585 intelligantur.
3736 2497 3917 2560 Nam
3974 2509 4093 2560 aut

1093 2600 1187 2666 ita
1237 2597 1762 2682 complectemur
1800 2645 1822 2678 ,
1893 2607 1966 2658 ut
2040 2591 2108 2655 in
2179 2595 2393 2655 unum
2464 2589 2913 2658 conducamus
2986 2592 3486 2678 propositionem
3560 2599 3630 2664 &
3704 2593 4099 2682 assumptio-

1092 2717 1251 2764 nem
1303 2697 1506 2783 (83)
1548 2748 1566 2778 ,
1635 2696 1761 2760 hoc
1815 2695 2067 2759 modo:
2141 2689 2345 2778 Qod
2401 2687 2447 2756 fi
2500 2690 2678 2778 leges
2728 2711 2963 2758 omnes
3020 2695 3097 2757 ad
3152 2695 3511 2764 utilitatem
3564 2694 3933 2782 reipublicae
3990 2715 4101 2762 re·

1093 2795 1258 2864 ferri
1313 2795 1820 2878 convenit‚·hic
1871 2810 2092 2862 autem
2149 2793 2341 2858 saluti
2390 2793 2755 2877 reipublicae
2810 2794 3118 2879 profuit3
3172 2793 3469 2877 profefito
3523 2817 3657 2862 nen
3712 2793 3913 2879 potest
3986 2816 4101 2863 eo-

1090 2897 1244 2964 dem
1299 2897 1474 2965 fauo
1512 2950 1532 2985 ,
1601 2899 1672 2967 δε
1734 2895 1920 2962 saluti
1975 2895 2317 2960 communi
2372 2892 2779 2959 consuluisse
2829 2945 2851 2978 ‚
2922 2895 2993 2962 &
3050 2890 3307 2977 legibus
3376 2915 3507 2958 non
3560 2893 4037 2978 obtemperasse
4078 2933 4105 2961 .-

1092 3000 1236 3064 Aut
1291 2999 1380 3062 ita
1424 3051 1444 3082 ,
1511 3015 1588 3063 ut
1637 3019 1720 3064 ex
1753 2985 2103 3064 'contrario
2161 2994 2471 3061 sententia
2524 2993 2924 3062 conficiatur
2963 3045 2983 3076 ,
3050 2993 3175 3056 boc
3229 2991 3477 3057 modo:
3549 2999 3828 3059 Summa
3882 2993 4097 3078 igitur

1092 3097 1530 3181 amentialest
1565 3150 1611 3185 ‚.
1655 3098 1724 3165 in
1776 3115 2007 3165 eorum
2061 3095 2192 3162 fide
2250 3095 2425 3182 spem
2476 3094 2711 3159 habere
2752 3147 2772 3177 ,
2842 3113 3127 3184 quorum
3198 3093 3467 3180 perfidia
3540 3094 3733 3159 toties
3780 3091 4097 3182 deceptus

1092 3196 1212 3264 fis:
1266 3202 1408 3266 Aut
1461 3201 1548 3265 ita
1587 3250 1606 3283 ,
1658 3216 1730 3266 ut
1784 3198 1847 3264 id
1903 3197 2116 3264 solum
2155 3249 2176 3280 ‚
2228 3194 2407 3284 quod
2459 3193 2815 3261 confici-tur
2864 3249 2884 3280 ,
2936 3194 3257 3263 inferatur
3310 3248 3332 3281 ,
3386 3196 3465 3261 ad
3519 3197 3699 3264 hunc
3752 3195 4033 3263 modum
4078 3222 4099 3259 ε

1093 3296 1345 3367 Urbem
1399 3301 1599 3387 igitur
1651 3300 2030 3367 diruamus.
2085 3304 2229 3365 Aut
2278 3312 2353 3363 ut
2406 3294 2518 3380 id,
2570 3293 2742 3383 quod
2790 3314 2941 3363 eam
2980 3316 3163 3381 rem,
3212 3319 3355 3387 quae
3404 3298 3804 3384 conficitur,
3862 3297 4099 3386 sequa—

1092 3412 1246 3485 tur,
1299 3400 1560 3469 necesse
1605 3400 1732 3467 est.
1786 3401 1866 3465 ld
1917 3398 2008 3467 est
2055 3396 2489 3477 hujusmodiz-
2524 3397 2589 3463 Si
2642 3399 2923 3484 peperit,
2969 3420 3129 3467 cum
3183 3404 3331 3467 viro
3379 3400 3778 3469 concubuit.
3837 3397 4101 3485 Peperit

1094 3518 1324 3569 autem
1361 3546 1378 3564 .
1449 3501 1823 3569 Conficitur
1875 3499 2056 3567 hoc:
2109 3496 2484 3567 Concubuit
2538 3497 2738 3586 igitur
2790 3520 2967 3565 cum·
3004 3502 3146 3564 viro
3185 3548 3200 3563 .
3272 3500 3421 3565 Hoc
3474 3499 3520 3567 fi
3576 3502 3745 3565 nolis
3796 3498 4099 3581 inferre,

1097 3604 1170 3671 δε
1229 3601 1476 3667 inferas
1527 3602 1590 3666 id
1627 3654 1650 3685 ,
1719 3602 1894 3688 quod
1949 3602 2239 3688 lequitur
2275 3621 2298 3660 :
2372 3598 2556 3666 Fecit
2612 3600 2813 3688 igitur
2864 3596 3182 3667 incestum
3222 3620 3244 3659 .·
3320 3600 3389 3666 &
3448 3595 3843 3682 concluseris
3892 3618 4103 3687 argu-

1091 3700 1612 3781 mentationem,
1665 3701 1734 3764 δι
1791 3698 2197 3783 perspicuam
2254 3699 2505 3783 fugeris
2558 3703 3133 3786 complexionem.

1197 3801 1424 3883 Quare
1475 3796 1544 3863 in
1601 3796 1820 3883 longis
1871 3796 2557 3882 argumentationibus
2596 3848 2615 3881 ,
2662 3819 2745 3863 ex
2801 3799 3351 3866 conductionibus
3388 3852 3412 3883 ,
3459 3816 3571 3867 aut
3620 3822 3704 3869 ex
3756 3803 4127 3870 contrario-

1090 3896 1438 3987 eornpleffi
1487 3889 1692 3983 (84)
1745 3912 2037 3981 oportet:
2091 3897 2160 3961 in
2214 3894 2517 3961 brevibus
2568 3897 2631 3961 id
2684 3897 2944 3982 solum,
2994 3902 3167 3987 quod
3222 3900 3575 3969 conficitur
3633 3952 3655 3985 ,
3702 3921 4038 3987 exponere
4084 3926 4105 3967 ε

1089 4002 1160 4069 in
1213 4003 1296 4067 iis
1343 4049 1366 4082 ,
1435 4000 1500 4063 in
1557 3994 1792 4086 quibus
1841 3999 2060 4063 exitus
2111 3996 2489 4086 perspicuus
2536 3995 2628 4063 est
2664 4049 2685 4080 ‚
2736 4000 3196 4070 consecutione
3246 4003 3449 4091 (85)
3504 4000 3639 4065 uti.
3688 4002 3752 4063 si
3804 4003 3919 4087 qui
3982 4022 4113 4069 au-

1087 4118 1223 4169 tem
1273 4120 1358 4167 ex
1413 4106 1548 4166 nna
1597 4117 1860 4188 quoque
1909 4118 2094 4184 parte
2144 4095 2467 4186 putabunt
2514 4098 2808 4169 constare
2856 4103 3506 4189 argumentationem
3546 4153 3569 4187 ,
3639 4110 3949 4189 poteru..t
4004 4100 4113 4165 di-

3806 4216 4009 4281 cere,

1156 4366 4093 4411 m

1153 4414 4089 4441 mm

1087 4572 1091 4579 ‚
1163 4509 1324 4580 (83)
1357 4516 1466 4566 Ita
1501 4512 1909 4581 compleflemur
1951 4551 1968 4574 ‚
1995 4526 2061 4564 ut
2098 4514 2160 4566 in
2197 4530 2379 4568 unum
2418 4533 2539 4571 con·
2642 4515 2935 4586 periodum
2972 4514 3342 4573 conducantur
3380 4558 3396 4574 .
3450 4522 3499 4576 A
3554 4534 3654 4586 qua
3706 4510 4093 4583 explicsstlone

1089 4573 1362 4635 ducamus
1391 4580 1818 4706 prfqpolitaonem·
1856 4578 1928 4647 ό·
1963 4579 2417 4663 αίζωηρηοηυη)
2470 4584 2540 4645 ld
2645 4608 2757 4643 non
2780 4586 3029 4664 ,multum
3077 4586 3283 4645 abludit
3316 4588 3515 4646 Marius
3554 4584 3875 4644 Victorinus
3914 4624 3931 4648 2
3989 4584 4093 4655 qui

1011 4680 1018 4685 ·
1089 4644 1174 4701 est
1217 4688 1234 4715 ,
1299 4668 1359 4707 ut
1411 4670 1606 4708 uitato
1649 4652 1849 4709 nostris
1905 4670 1960 4707 in
2003 4652 2207 4708 lcholts
2260 4672 2409 4710 more
2450 4656 2536 4711 lo-
2640 4658 2955 4715 Tullianum
3012 4656 3150 4712 illud
3221 4679 3289 4715 ex
3351 4660 3597 4716 conda&
3628 4656 3795 4713 mbas
3849 4656 4100 4725 exponit

1089 4734 1223 4787 qum·
1253 4758 1273 4785 ,
1329 4725 1635 4793 argumenti
1675 4723 1848 4781 nostri
1889 4720 2164 4780 conclufio
2200 4724 2308 4780 erit
2348 4723 2537 4793 bujuf-
2634 4730 2767 4777 κατά
2786 4727 3080 4791 συναγωγήν
3111 4723 3199 4784 2⁸2?
3229 4726 3720 4791 ὡαιεφιλαίωσιν,
3752 4723 3807 4778 id
3826 4724 3902 4778 est
3924 4764 3942 4787 ‚
3988 4744 4097 4793 pet·

1085 4788 1234 4866 med·
1273 4830 1288 4855 ,
1329 4810 1388 4849 ut
1423 4794 1592 4851 ambas
1627 4794 1916 4864 praemisias
1943 4834 1961 4858 ,
2021 4792 2134 4849 five
2171 4797 2437 4860 unios-em
2474 4800 2533 4854 δε
2634 4814 2814 4853 rerum
2868 4800 3351 4866 congregationem
3396 4802 3500 4861 (ut
3554 4794 3797 4866 loquitur
3834 4794 4095 4865 Quintil.

1081 4876 1360 4985 amorem
1403 4904 1424 4933 ‚
1469 4865 1528 4921 in
1579 4885 1745 4925 unam
1774 4863 2068 4938 periodum
2115 4866 2475 4925 conducamus
2510 4908 2529 4926 .
2634 4866 2817 4925 lib-6.
2844 4888 2968 4994 αἲ
2990 4873 3074 4931 ι.)
3126 4874 3183 4928 ὅ(
3222 4866 3697 4927 enumerationem
3746 4884 3850 4937 per
3886 4863 4107 4927 summa

1151 4950 1268 4987 em.
2628 4956 2687 4995 ca
2732 4958 2835 4995 ita.
2874 4949 2907 4995 1
2972 4958 3064 4995 m.

1149 5007 1282 5072 (84)
1333 5010 1424 5065 Ex
1463 5006 1919 5067 conduffs'onibus
1939 5044 2170 5065 .....
2208 5008 2525 5084 compleam)
2688 4956 2816 5081 ιΞες
2846 5016 2875 5077 )
2927 5006 3350 5081 Consecutiom)
3408 5010 3547 5084 Quae
3582 5005 3705 5066 alias
3740 5010 4075 5083 complexio
4096 5054 4117 5083 ,

1079 5067 1208 5128 Hoc
1243 5075 1764 5155 est‚·argumentum
1807 5098 1876 5136 ita
1913 5078 2241 5158 concludere
2270 5121 2288 5147 ,
2316 5100 2375 5137 ut
2411 5100 2523 5141 am·
2627 5082 2909 5138 connexio
2948 5122 2967 5147 ,
3024 5082 3303 5147 conclusio
3354 5080 3561 5141 dicitur
3596 5120 3613 5139 .
3667 5080 3851 5157 vulgo
3896 5083 4107 5157 Conse-

1077 5136 1156 5196 bae
1193 5148 1474 5213 praemiflae
1498 5189 1517 5221 ,
1554 5148 1670 5232 sive
1707 5154 1878 5223 major
1911 5156 1968 5211 δε
2003 5168 2187 5211 mtnor
2208 5192 2229 5222 ,
2258 5171 2421 5211 unam
2458 5154 2520 5213 in
2620 5158 2887 5231 quentia.
2919 5152 3109 5215 Idem.
