4359 6321
1241 472 1423 587 246'
1854 458 3312 557 ''D'E'ORATORE‘

1113 588 1369 684 scriptis
1421 588 1551 659 suis
1602 588 1790 656 Plato
1839 582 2099 654 tradidit
2136 634 2161 671 ,
2230 600 2388 651 cum
2458 575 2592 673 ipse
2659 582 2920 651 literam
2989 586 3284 651 Socrates
3353 580 3622 650 nullam
3681 584 4052 679 reliquiffet
4093 637 4122 664 .

1112 700 1295 766 Hinc
1352 693 1697 762 diffidium
1758 686 1927 761 illud
1976 686 2196 757 extitit
2243 684 2420 776 quali
2475 684 2724 775 linguae
2776 702 2978 775 atque
3025 682 3240 755 cordis
3278 732 3301 771 ,
3351 680 3712 755 absurdum
3769 689 3924 761 sane
3961 742 3986 781 ,
4035 696 4111 768 a:

1110 797 1385 880 inutile,
1442 796 1513 865 δι
1570 789 2230 883 reprehendendum3
2283 802 2360 855 ut
2412 785 2524 855 alii
2579 808 2699 855 nos
2755 788 3018 875 sapere,
3065 786 3179 852 alii
3233 784 3448 854 dicere
3501 785 3852 858 docerent.
3905 796 4115 887 Nam,

1110 920 1272 970 curn
1322 896 1517 965 essent
1568 896 1790 985 plures
1842 894 1962 960 orti
2012 888 2153 959 fere
2208 905 2249 956 a
2297 894 2607 974 Socrate,
2657 885 2832 979 quod
2883 908 2966 954 ex
3017 887 3200 953 illius
3251 886 3490 974 variiS,
3547 887 3622 959 δε
3675 888 3993 984 diver-fic,
4045 903 4118 971 ee

1112 1000 1185 1069 in
1238 1014 1507 1067 omnem
1556 1011 1809 1086 partem
1858 990 2107 1061 diffusis
2152 988 2699 1079 disputationibus
2755 989 2924 1057 alius
2975 984 3164 1055 aliud
3204 986 3758 1079 apprehenderat,
3808 997 4122 1081 prosemi-

1112 1114 1283 1169 natae
1336 1098 1486 1167 sunt
1541 1097 1723 1187 quasi
1776 1094 2041 1163 familiae
2091 1092 2526 1161 dissentientes
2581 1092 2754 1156 inter
2808 1088 2875 1158 se
2916 1138 2939 1175 ,
3005 1091 3075 1157 δε
3133 1087 3431 1157 multum
3482 1088 3824 1170 disjunaetae
3897 1100 3970 1167 ὃ(
4025 1101 4122 1169 di..

1113 1197 1375 1290 spat-es,
1428 1218 1584 1267 curn
1636 1212 1859 1265 tamen
1907 1212 2143 1263 omnes
2208 1192 2274 1259 se
2322 1188 2696 1281 philosophi
2747 1190 3112 1259 socraticos
3166 1190 3237 1259 &
3306 1189 3439 1259 dici
3491 1190 3740 1261 vellent
3777 1244 3800 1283 ,
3871 1197 3944 1270 δε
3995 1200 4122 1272 effe

1110 1300 1601 1369 arbitrarentur
1622 1342 1642 1363 .
4109 1356 4116 1365 .

1134 1434 1142 1441 -
1214 1400 1442 1469 xvn.
1500 1402 1604 1467 Ac
1656 1398 1874 1487 primo
1928 1390 2011 1462 ab
2059 1393 2200 1483 ipso
2247 1390 2522 1459 Platone
2572 1385 2962 1465 Aristoteles
3019 1392 3089 1463 &
3155 1392 3630 1486 Xenocrate33
3677 1418 3973 1488 'quotum
4025 1402 4120 1472 21.

1106 1518 1214 1575 ter
1264 1500 1855 1589 Peripateticorum
1897 1544 1918 1579 ,
1988 1497 2153 1563 alter
2205 1492 2580 1561 Academiae
2630 1514 2872 1559 nomen
2925 1490 3202 1560 obtinuit
3251 1542 3270 1560 .
3338 1496 3594 1563 Deinde
3646 1496 3728 1566 ab
3775 1503 4118 1574 Antisthe-

1111 1624 1201 1675 ne
1245 1658 1266 1690 ‚
1340 1602 1455 1691 qui
1507 1599 1890 1687 patientiam
1963 1597 2033 1667 &
2087 1592 2408 1663 duritiam
2477 1597 2547 1661 in
2601 1597 2940 1662 Socratico
2991 1593 3290 1662 sermone
3356 1601 3654 1667 maxime
3717 1599 4118 1693 adamant,

1107 1704 1358 1790 cynici
1408 1700 1706 1789 primum
1745 1747 1768 1783 ,
1817 1694 2049 1765 deinde
2098 1696 2338 1765 Stoici.
2392 1698 2578 1765 Tum
2627 1696 2708 1763 ab
2758 1694 3088 1785 ArIstippo
3125 1749 3146 1783 ‚
3215 1716 3416 1785 quem
3469 1699 3600 1767 111ae
3651 1704 3870 1793 magis
3931 1709 4116 1779 volu.

1124 1801 1349 1897 ptariae
1402 1799 1871 1888 disputationes
1926 1798 2381 1886 delectatam,
2429 1800 2796 1883 Cyrenaica
2846 1796 3248 1891 philosophia
3297 1799 3652 1867 manavit:
3705 1826 3910 1895 quam
3963 1808 4122 1896 ille,

1114 1911 1187 1979 &
1245 1902 1389 1982 eius
1438 1898 1672 1993 posteri
1726 1898 2102 1991 {impliciter
2152 1898 2582 1968 defenderant
2619 1922 2640 1965 t
2713 1900 2816 1985 ii,
2887 1897 3000 1989 qui
3053 1920 3232 1967 nunc
3287 1899 3630 1989 voluptate
3697 1908 3928 1976 omnia
3974 1930 4119 1979 me·

1111 2009 1373 2076 vtiuntur
1414 2052 1438 2089 ,
1489 2003 1655 2076 dum
1702 2004 2143 2071 verecundius
2199 2002 2265 2070 id
2321 2017 2532 2091 agunt
2570 2052 2591 2085 ,
2661 2021 2780 2068 nec
2835 2000 3143 2090 dignitati
3199 2000 3608 2071 satisfaciunt
3641 2056 3668 2095 ,
3719 2028 3927 2099 quam
3981 2032 4122 2081 non

1115 2104 1585 2199 aspernantur,
1638 2122 1759 2171 nec
1810 2103 2220 2192 voluptatem
2270 2119 2583 2187 tuentur,
2633 2122 2836 2191 quam
2891 2102 3254 2191 amplexari
3310 2104 3586 2173 volunt.
3821 2190 3826 2193 Ι

1214 2206 1519 2281 Fuerunt
1573 2206 1773 2273 etiam
1830 2204 1962 2273 alia
2016 2223 2263 2295 genera
2312 2202 2856 2293 vphilosophorum
2899 2255 2918 2290 ,
2985 2205 3099 2292 qui
3151 2202 3216 2271 se
3261 2224 3496 2275 omues
3548 2206 3678 2277 fere
3723 2211 4110 2281 Socraticos

1107 2308 1242 2377 effe·
1288 2306 1589 2376 dicebant
1630 2328 1652 2394 3
1706 2308 2196 2375 Eretriacorum
2235 2355 2256 2392 ,
2308 2305 2749 2375 Herilliorum
2788 2355 2810 2389 ,
2865 2304 3364 2394 Megaricorum
3405 2357 3426 2393 ‚
3493 2309 4030 2393 Pyrrhoneorum
4068 2333 4100 2375 ε

1118 2406 1226 2477 sed
1272 2425 1349 2474 ea
1400 2403 1646 2474 horum
1703 2406 1775 2471 vi
1826 2407 1897 2477 ’δε
1950 2406 2494 2497 disputationibus
2545 2404 2696 2473 sunt
2749 2403 3004 2484 iamdiu
3057 2406 3268 2476 fratta
3321 2410 3391 2479 ὅτ.
3449 2410 3732 2480 εκῐῐηὲὶο,
3772 2460 3792 2478 .
3859 2414 3966 2479 Ex
4019 2414 4117 2479 il-

1116 2512 1205 2578 lis
1256 2524 1523 2593 autem,
1570 2526 1715 2597 quae
1764 2522 2113 2575 remanent
2151 2560 2170 2592 ‚
2221 2525 2302 2574 ea
2348 2506 2774 2597 philosophia.
2810 2558 2836 2591 ,
2890 2528 3038 2599 quae
3092 2507 3365 2597 suscepit
3417 2512 3862 2599 patrocinium
3910 2512 4116 2580 ’volu-

1112 2610 1356 2700 ptatiS,
1405 2606 1519 2676 etsi
1570 2610 1676 2677 cui
1726 2626 1887 2675 vera
1938 2606 2239 2673 videatur
2276 2656 2300 2693 ,
2367 2607 2600 2694 ‚procul
2656 2604 2828 2675 abest
2873 2624 3104 2676 tamen
3155 2606 3240 2676 ab
3287 2631 3366 2676 eo
3421 2613 3568 2679 viro
3605 2666 3626 2699 ‚
3697 2634 3908 2703 quem·
3941 2634 4115 2703 quae-

1116 2714 1379 2795 rimuS,
1431 2711 1501 2779 &
1558 2730 1759 2800 quem
1813 2708 2155 2776 auROrem
2207 2707 2454 2796 publici
2505 2710 2758 2775 confini
2789 2758 2810 2793 ,
2865 2712 2934 2777 &
2989 2708 3288 2798 regendae
3339 2712 3628 2779 civitatis
3679 2714 3918 2782 ducem
3956 2764 3978 2798 ,
4037 2716 4111 2783 δῦ

1118 2810 1499 2897 sementiae,
1529 2828 1748 2901 atque
1796 2807 2188 2899 elo'quentiae
2239 2808 2597 2896 principem
2641 2858 2659 2892 ,
2711 2808 2780 2871 in
2834 2806 3102 2893 senatu,
3151 2808 3222 2873 in
3275 2809 3556 2894 populo,
3611 2814 3680 2877 in
3734 2813 3947 2883 caufis
3995 2836 4112 2902 pu-

1114 2915 1301 2981 blicis
1348 2911 1473 2979 effe
1526 2914 1845 2981 volumus
1883 2957 1902 2977 .
1992 2910 2135 2974 Nec
2185 2910 2328 2975 ulla
2381 2926 2602 2974 tamen
2657 2906 2724 2973 ei
2789 2906 3216 2993 philosophiae.
3280 2908 3394 2974 fiet
3467 2910 3706 2986 iniuria
3787 2935 3831 2979 a
3897 2914 4114 2983 nobis.

1116 3014 1276 3083 Non
1326 3012 1509 3081 enim
1560 3012 1921 3101 repelletur
1990 3006 2140 3075 inde
2178 3059 2201 3093 ,
2277 3029 2414 3097 quo
2479 3004 2754 3097 aggredi
2797 3007 3022 3097 cupiet
3061 3030 3084 3073 ι
3157 3005 3268 3074 sed
3329 3009 3400 3073 in
3465 3008 3757 3078 hortulis
3827 3016 4114 3104 quiescet

1117 3116 1299 3202 suis,
1348 3111 1455 3182 ubi
1514 3112 1717 3201 vult3
1768 3110 1879 3180 ubi
1924 3110 2127 3179 etiam
2178 3106 2504 3178 recubans
2559 3105 2850 3176 molliter
2909 3111 2980 3180 δε
3036 3106 3320 3177 delicate
3363 3160 3384 3195 ,
3455 3130 3576 3178 nos
3628 3132 3884 3183 avocat.
3921 3136 3960 3186 a
4003 3138 4108 3186 ro.

1116 3215 1269 3285 stris
1312 3264 1333 3301 ,
1386 3235 1425 3280 a
1474 3213 1739 3294 iudiciis
1780 3267 1799 3300 ,
1850 3231 1889 3280 a
1940 3211 2182 3298 cutia,
2237 3211 2494 3278 fortaffe
2547 3210 2866 3298 sapienter
2904 3260 2927 3295 ,
2973 3205 3102 3278 hac
3157 3208 3508 3297 praesertim
3565 3213 3928 3302 republioe.
3977 3221 4112 3288 Ve-

1114 3337 1283 3385 rum
1332 3333 1461 3405 ego
1508 3337 1641 3383 non
1696 3333 1917 3406 quaero
1969 3331 2150 3382 nunc
2199 3360 2222 3396 ,
2289 3331 2430 3402 quae
2485 3310 2558 3378 fit
2611 3309 3012 3397 philosophia
3064 3310 3386 3378 veriffima
3427 3362 3450 3397 ,
3521 3309 3627 3379 sed
3677 3339 3816 3405 quae
3859 3323 4114 3388 oratori

1120 3417 1481 3498 con'iunsta
1532 3417 1865 3486 maxime.
1916 3415 2143 3498 Quare
2197 3413 2350 3480 istos
2403 3413 2536 3480 fine
2591 3409 2735 3477 ulla
2779 3409 3192 3480 contumelia
3233 3411 3680 3481 dimittamus:
3733 3416 3876 3482 iiiut
3924 3422 4121 3487 enim

1108 3521 1187 3589 ἃ
1246 3519 1401 3588 boni
1454 3517 1579 3588 viri
1619 3572 1638 3607 ,
1690 3519 1761 3591 δε
1808 3567 1830 3605 ,
1892 3513 2216 3609 quoniam
2269 3511 2382 3580 fibi
2428 3513 2519 3578 ita
2568 3511 2875 3580 videntur
2913 3563 2941 3600 ,
2985 3511 3162 3580 beati
3215 3535 3234 3579 ι
3281 3531 3668 3604 tantumque
3711 3535 3827 3582 eos
3869 3515 4119 3586 admot

1112 3637 1399 3688 neamus
1440 3668 1461 3702 ,
1510 3635 1585 3685 ut
1638 3619 1803 3685 illud
1837 3670 1859 3704 ‚
1911 3619 2117 3684 etiarn
2164 3613 2212 3681 fi
2265 3614 2355 3681 est
2412 3611 2812 3686 veriffimum
2849 3665 2877 3698 ,
2927 3616 3206 3684 tacitum
3253 3633 3477 3684 tamen
3513 3667 3534 3702 ,
3577 3631 3898 3706 tanquam
3940 3637 4122 3702 my..

1118 3715 1435 3801 sterium,
1483 3732 1790 3801 teneant,
1841 3714 2015 3804 quod
2070 3729 2319 3802 negant
2371 3712 2616 3781 versari
2675 3719 2744 3782 in
2798 3718 3133 3805 republica
3179 3718 3302 3786 effe
3355 3717 3654 3808 sapientis
3695 3765 3712 3782 .
3755 3721 3946 3784 Nam
3989 3771 4010 3805 ,
4069 3720 4120 3790 fi

1113 3815 1269 3886 'hoc-
1304 3814 1491 3884 nobis
1524 3865 1551 3901 ,
1620 3833 1819 3904 atque
1886 3814 2142 3902 optimo
2191 3812 2430 3902 cuique
2471 3812 2910 3903 persuaserint
2945 3869 2972 3905 ‚
3037 3841 3176 3887 non
3241 3835 3566 3907 poterunt
3628 3817 3748 3908 ipsi
3787 3817 3918 3886 effe
3953 3871 3978 3906 ,
4049 3823 4122 3890 id

1122 3919 1301 4010 quod
1358 3919 1652 3983 maxime
1702 3911 2023 4004 cupiunt,
2074 3912 2292 3983 otiofi.

1224 4019 1485 4087 xvm.
1535 4015 1790 4086 ‘Stoicos
1841 4033 2059 4084 autem
2094 4065 2119 4103 ,
2174 4035 2348 4108 :quos
2400 4015 2674 4087 minime
2719 4015 3024 4106 improbo
3061 4071 3085 4108 ,
3147 4015 3417 4088 dimitto
3465 4037 3694 4090 tamen
3736 4067 3764 4107 3
3829 4041 3961 4090 nec
4001 4043 4118 4090 ecc

1114 4118 1323 4189 iratos
1372 4138 1601 4186 vereor
1634 4169 1659 4206 ,
1727 4120 2045 4208 quoniam
2096 4124 2370 4187 omnino
2419 4119 2606 4187 irasci
2659 4118 2958 4188 nesciunt
3001 4145 3022 4186 ι
3097 4137 3290 4210 atque
3341 4123 3517 4190 hanc
3576 4125 3654 4190 iis
3707 4121 3912 4190 habeo
3957 4141 4110 4209 gra-

1112 4225 1330 4308 tiam,
1380 4220 1555 4311 quod
1612 4219 1727 4286 soli
1778 4241 1858 4287 ex
1914 4219 2220 4287 omnibus
2274 4218 2769 4311 eloquentiam,
2819 4223 3137 4292 virtutem
3179 4245 3264 4290 ac
3319 4222 3706 4313 sapientiam
3761 4225 3880 4292 effe
3925 4223 4110 4289 dixe-

1111 4340 1281 4394 runt
1312 4367 1339 4390 t
1410 4323 1539 4392 Sed
1588 4338 1949 4414 utrumque
1998 4321 2093 4394 est
2144 4324 2216 4393 in
2255 4323 2370 4392 his
2406 4374 2436 4413 ,
2501 4324 2676 4415 quod
2727 4322 2810 4392 ab
2845 4325 2986 4396 hnc
3023 4321 3084 4417 ’(
3111 4343 3196 4415 33
3229 4335 3254 4418 )
3291 4377 3321 4415 ‚
3388 4347 3591 4418 quem
3659 4324 4052 4399 instruimus
4089 4375 4117 4412 ,

3863 4447 4015 4494 ora-

1188 4800 1350 4873 (33)
1404 4793 1511 4857 ‘Sed
1540 4809 1843 4872 'utrumque
1882 4797 1953 4874 5·st
1990 4801 2049 4850 in
2105 4789 2191 4855 'his
2233 4837 2250 4862 ‚
2307 4787 2452 4871 'quoii
2500 4793 2572 4854 αὖ
2667 4789 2988 4874 eloquentia
3037 4785 3240 4850 ‘forensi
3277 4834 3295 4860 ‚
3349 4795 3412 4852 Be
3453 4793 3716 4870 populari
3745 4835 3773 4852 a
3821 4790 4124 4872 Discrepat

1120 4867 1251 4934 hoc,
1288 4867 1403 4936 &a
1436 4875 1464 4933 )
1516 4866 1742 4925 Crassus
1780 4869 1985 4924 Stoxcos
2026 4887 2141 4924 nou
2187 4887 2431 4925 ommno
2472 4867 2574 4925 im·-
2673 4866 2961 4927 sententiis
2995 4905 3012 4931 ,
3053 4865 3322 4937 quoniam
3359 4867 3528 4925 Stoici
3565 4867 3760 4925 dicunt
3787 4864 4122 4938 insipientes

1164 4939 1316 4998 robat
1356 4980 1371 5004 .
1422 4935 1528 4996 ‘sed
1586 4955 1740 5008 negat
1778 4956 1965 4995 eorum
2004 4937 2424 5011 philosophiam
2458 4940 2570 4997 uti-
2661 4945 2702 5004 ·(
2738 4939 2914 5011 quales
2953 4935 3080 4995 sunt
3109 4955 3300 4996 omnes
3343 4948 3369 5005 )
3421 4937 3522 4996 esse
3579 4937 3768 4997 servos
3805 4981 3824 5006 ‚
3877 4939 4118 5012 latrones

1148 5021 1233 5066 ‘em
1287 5011 1389 5068 efle
1412 5013 1631 5068 oratori
1672 5028 1899 5081 propter
1953 5007 2351 5082 duasjrationes
2383 5027 2410 5068 ἐ
2449 5011 2570 5082 quia
2659 5015 2778 5068 ·&c.
2814 5007 3302 5082 Discrepatautctn
3320 5028 3522 5082 genere
3558 5010 3827 5079 dicendi,
3860 5021 4123 5082 quomam

1112 5081 1189 5136 i&
1212 5078 1562 5152 sententiis,
1598 5086 1656 5142 δε
1690 5100 1888 5156 genere
1910 5080 2145 5143 dicendi
2187 5079 2471 5158 ‘discrepat
2505 5082 2570 5141 ab
2661 5081 2760 5143 ini
2809 5081 3043 5142 nimium
3079 5080 3369 5158 dialectice
3431 5081 3731 5157 loquuntur
3769 5125 3790 5155 ,
3847 5087 3916 5140 ·&
3958 5091 4124 5133 aaut

3885 5168 4044 5209 m—
