4359 6321
1272 456 1456 586 388
2103 444 3274 539 ORATOR.

1133 584 1196 652 le
1249 590 1449 671 (40)
1507 574 1677 646 vidit
1713 624 1737 663 ‚
1806 587 1970 644 cum
2037 568 2443 639 immolanda
2512 568 2853 656 Iphigenia
2922 566 3118 635 tristis
3183 558 3473 632 Calchas
3542 559 3691 629 effet
3732 616 3761 652 ,
3832 572 4149 643 moestior

1139 684 1448 769 Ulyffes,
1498 690 1810 748 moereret
1859 673 2271 761 Menelaus;
2336 667 2829 739 obvolvendum
2878 685 3073 757 caput
3125 664 3663 757 Agamemnonis
3712 668 3836 738 effe
3876 723 3899 758 ,
3964 696 4141 764 quo-

1127 785 1317 857 niam
1373 782 1711 852 summum
1765 775 1962 845 illum
2033 773 2293 843 lustum
2362 770 2669 861 penicillo
2738 792 2873 839 non
2950 768 3141 860 posset
3196 767 3443 837 imitari
3491 788 3510 830 t
3586 767 3633 835 fi
3688 768 3973 863 denique
4024 777 4143 845 hi..

1137 886 1327 955 strio:
1380 882 1542 974 quid
1588 880 1855 966 deceat,
1905 876 2176 971 quaerit:
2230 871 2825 967 quid-faciendum
2876 871 3123 937 oratori
3178 866 3529 957 putemus?
3585 872 3756 957 Sed,
3806 896 3963 943 cum
3998 878 4139 949 hoc

1135 1000 1402 1054 tantum
1453 983 1574 1069 fit,
1625 978 1788 1071 quid
1843 980 1912 1045 in
1965 976 2222 1062 caulis,
2271 995 2631 1067 earumque
2680 971 2864 1063 quali
2917 968 3229 1038 membris
3280 969 3518 1056 faciat,
3570 990 3799 1041 orator
3854 976 4141 1049 vIderit.

1137 1088 1324 1154 Illud
1375 1084 1650 1176 quidem
1705 1078 2118 1173 perspicuum
2169 1078 2301 1165 est,
2356 1099 2488 1145 non
2541 1074 2743 1180 modo
2793 1089 3011 1164 partes
3058 1072 3373 1140 orationis
3409 1123 3432 1159 ,
3482 1070 3593 1143 sed
3644 1078 3851 1147 etiam
3900 1080 4149 1151 causas

1130 1204 1343 1275 totaS,
1404 1186 1568 1254 alias
1621 1182 1750 1249 alia
1801 1180 2017 1249 forma
2069 1178 2326 1248 dicendi
2382 1177 2507 1247 effe
2558 1173 2967 1245 trattandas.

1233 1290 1494 1357 XXIII.
1547 1284 1852 1373 Sequitur
1904 1297 1980 1351 ut
2033 1282 2353 1369 cujusque
2409 1278 2667 1367 generis
2736 1292 2893 1343 nota
2963 1290 3292 1365 quaeratur
3330 1328 3351 1365 ,
3422 1278 3493 1345 δε
3552 1276 3851 1347 formula
3893 1328 3915 1345 ..
3986 1285 4155 1353 Ma-

1133 1411 1350 1482 gnum
1403 1408 1565 1475 opus
1644 1386 1714 1455 &
1770 1381 2054 1450 arduum
2097 1432 2120 1467 ,
2169 1397 2245 1448 ut
2300 1378 2459 1469 saepe
2515 1382 2649 1458 jam
2690 1375 3027 1451 diximus:
3086 1374 3195 1445 sed
3248 1376 3769 1465 ingredientibus
3838 1382 4143 1453 confide-

1133 1491 1426 1559 randum
1481 1486 1606 1554 fuit
1637 1536 1656 1571 ,
1705 1481 1862 1572 quid
1915 1500 2311 1573 ageremu83
2362 1502 2543 1555 nunc
2563 1477 2827 1575 quidem
2879 1480 3057 1567 iam,
3104 1499 3522 1571 quocumque
3578 1483 3921 1570 feremur²
3964 1485 4145 1555 dan-

1130 1594 1216 1659 da
1267 1591 1590 1661 nimirum
1645 1582 1794 1650 vela
1841 1580 2046 1648 sunt.
2358 1578 2364 1581 ’

1237 1698 1342 1758 Ac
1395 1688 1690 1778 primu-m
1741 1678 2205 1752 informandus
2256 1683 2347 1751 est
2398 1683 2511 1753 ille
2568 1682 2777 1770 nobi5‚
2842 1705 3038 1773 quem
3099 1684 3314 1751 solum
3364 1685 3643 1772 quidam
3710 1702 3953 1757 vocant
4008 1690 4146 1753 At-

1129 1796 1388 1864 ticum·
1440 1785 1834 1859 summissus
1883 1784 2022 1870 est,
2072 1788 2143 1856 ὅ(
2200 1785 2521 1873 humilis,
2568 1787 3119 1857 consuetudinem
3170 1788 3441 1853 imitans
3480 1838 3500 1871 ‚
3552 1784 3635 1853 ah
3690 1788 4013 1859 indisertis
4062 1808 4151 1859 re

1133 1898 1335 1990 pluS,
1388 1906 1594 1980 quam
1644 1888 1994 1975 opinione,
2045 1886 2391 1957 differens.
2452 1893 2680 1977 ltaque
2729 1910 2886 1956 eum
2940 1888 3049 1977 qui
3104 1887 3377 1959 audiunt
3416 1940 3443 1973 ,
3508 1891 3814 1977 quamvis
3866 1891 4153 1979 ipfi·.in-

1131 1997 1356 2063 fantes
1411 1991 1576 2077 fint,
1627 2005 1854 2057 tamen
1909 1988 2028 2057 illo
2075 1990 2277 2057 modo
2330 1989 2669 2063 confidunt
2725 1990 2787 2057 se
2837 1991 3007 2080 posse
3055 1990 3273 2057 dicere
3314 2036 3339 2053 .
3386 1991 3567 2055 Nam
3616 1990 3932 2061 orationis
3990 1991 4155 2061 sub-

1132 2097 1342 2164 tilitas
1394 2092 1510 2159 illa
1563 2092 1830 2181 quidem
1885 2092 2143 2159 videt-ur
2195 2093 2316 2159 effe
2364 2091 2767 2159 existimanti
2810 2142 2829 2175 ,
2901 2091 3005 2159 sed
3064 2092 3227 2157 nihil
3280 2086 3367 2157 est
3414 2091 3771 2179 experienti
3823 2097 4055 2163 minus
4124 2138 4153 2163 .

1132 2198 1265 2264 Etsi
1319 2194 1504 2262 enim
1557 2215 1692 2261 non
1747 2193 2017 2281 plurimi
2075 2191 2411 2283 sanguinis
2459 2192 2550 2259 est
2592 2246 2617 2278 ,
2682 2192 2916 2261 habeat
2968 2207 3191 2260 tamen
3242 2190 3506 2259 flaccum
3578 2192 3872 2283 aliquem
3926 2216 4165 2281 opor-

1131 2314 1266 2383 tet,
1324 2313 1440 2384 ut,
1488 2298 1694 2364 etiam
1747 2294 1790 2363 fi
1847 2293 1984 2363 illis
2035 2298 2357 2365 maximis
2405 2292 2661 2365 viribus
2704 2308 2981 2383 careat,
3027 2295 3104 2363 fit
3160 2304 3189 2383 (
3242 2310 3313 2363 ut
3363 2296 3461 2361 ita
3502 2290 3719 2363 dicam
3773 2306 3797 2381 )
3848 2298 4157 2383 integra

1136 2396 1570 2467 valetudine.

1230 2502 1539 2569 Primum
1593 2497 1800 2585 igitur
1847 2520 2006 2567 eum
2077 2516 2396 2591 tanquam
2464 2522 2503 2569 e
2581 2502 2868 2572 vinculis
2942 2520 3385 2569 numerorum.
3444 2498 3869 2567 eximamus.
3950 2498 4143 2563 Sunt

1132 2598 1314 2669 enim
1361 2600 1677 2689 quidam,
1725 2617 1798 2667 ut
1853 2599 2014 2687 scis,
2063 2606 2305 2671 oratori
2356 2606 2616 2671 numeri
2668 2616 2692 2691 (
2748 2603 2825 2669 de
2878 2602 3111 2691 quibus
3164 2623 3321 2669 mox
3380 2609 3711 2689 agemus)
3762 2596 4129 2668 observan-

1124 2698 1236 2784 di,
1287 2701 1541 2767 ratione
1594 2698 1941 2787 quadam,
2014 2704 2119 2769 sed
2186 2707 2323 2773 alio
2384 2706 2449 2772 in
2506 2726 2749 2793 genere
2818 2706 3127 2772 orationis
3166 2756 3187 2789 ,
3259 2706 3329 2770 in
3378 2702 3511 2768 hoc
3576 2702 3845 2771 omnino
3913 2698 4123 2767 relin-

1125 2798 1412 2889 quendi.
1463 2798 1781 2867 Solutum·
1823 2802 2138 2891 quiddam
2189 2806 2307 2891 fit,
2358 2829 2486 2873 nec⁴
2536 2827 2789 2895 vagum
2838 2822 3122 2889 tamen,
3192 2820 3273 2875 ut
3322 2802 3583 2891 ingredi
3648 2801 3844 2871 libere
3881 2852 3904 2886 ‚
3976 2821 4117 2868 non

1127 2917 1205 2969 ut
1254 2901 1528 2968 licenter
1591 2900 1888 2969 videatur
1941 2924 2166 2971 errare
2201 2954 2225 2971 ..
2293 2907 2509 2975 Verba
2558 2910 2755 2975 etiam
2828 2909 3039 2975 verbis
3106 2904 3289 2996 quasi
3358 2922 3833 2994 coagmentare
3896 2902 4141 2990 negli--

1133 3019 1290 3092 gat.
1349 2999 1563 3069 Habet
1614 3003 1799 3068 enim
1849 3004 1963 3071 ille
2013 3022 2337 3095 tanquam
2408 3006 2629 3075 hiatus
2698 3008 3025 3076 concursu
3098 3008 3433 3077 vocalium
3508 3005 3726 3073 molle
3774 3005 4151 3095 quidda-m,

1133 3106 1204 3175 &
1265 3100 1438 3192 quod
1487 3101 1737 3172 indicet
1795 3125 1924 3171 non
1980 3105 2320 3196 ingratam
2376 3111 2858 3200 negligentiam
2900 3164 2919 3198 ‚
2992 3109 3075 3178 de
3130 3130 3196 3178 re
3246 3108 3535 3177 hominis
3572 3160 3595 3196 ‚
3662 3107 3873 3197 magis
3916 3126 4135 3196 quam

1132 3202 1220 3271 de
1279 3203 1489 3271 verbis
1540 3203 1933 3272 laborantis.
1989 3208 2110 3274 Sed
2159 3213 2286 3276 erit
2342 3213 2700 3280 videndum
2750 3212 2827 3280 de
2880 3212 3149 3302 reliquis
3192 3263 3215 3298 ,
3263 3232 3425 3278 cum⁴
3472 3213 3607 3280 haec
3664 3209 3805 3278 duo
3858 3211 3917 3276 ei
3970 3206 4135 3276 libe-

1135 3307 1308 3374 riora
1361 3305 1651 3390 fuerint,
1702 3308 2055 3392 circuituS,
2105 3313 2725 3402 conglutinatioque
2782 3313 3135 3400 verborum
3166 3361 3187 3380 .
3238 3311 3365 3380 1112
3419 3317 3600 3380 enim
3652 3311 3792 3399 ipsa
3866 3325 4143 3380 contra-

1139 3405 1287 3490 aa,
1340 3409 1410 3476 &
1473 3408 1771 3494 minuta,
1829 3430 1964 3477 non
2017 3411 2437 3501 negligenter
2496 3412 2841 3484 trananda
2898 3414 3093 3501 funt,
3142 3411 3247 3480 sed
3300 3414 3600 3504 quaedam
3652 3412 3851 3485 etiam
3918 3411 4141 3502 negli-

1139 3509 1361 3598 gentia
1412 3506 1505 3574 est
1559 3506 1917 3596 diligens‘.
1985 3514 2166 3582 Nam
2236 3529 2306 3580 ut
2380 3516 2691 3585 mulieres
2758 3519 2878 3584 effe
2950 3516 3266 3587 dicuntur
3333 3515 3671 3582 nonnull'ae
3740 3519 4059 3582 inornatae
4116 3565 4149 3598 ,

1141 3629 1304 3696 quas
1353 3606 1636 3695 idipsum
1683 3607 1950 3679 deceat:
2008 3610 2094 3678 fic
2153 3613 2289 3685 haec
2370 3613 2627 3685 subtilis
2698 3619 2906 3685 oratio
2972 3618 3178 3686 etiam
3227 3617 3563 3705 incompta
3634 3614 3915 3684 delestat
3952 3663 3975 3681 .
4024 3613 4141 3682 Fit

1145 3707 1337 3773 enirn
1387 3706 1710 3793 quiddam
1759 3712 1832 3775 in
1880 3727 2205 3802 utroque,
2252 3737 2387 3805 quo
2440 3719 2518 3786 sit
2570 3719 2911 3788 venustius
2948 3773 2971 3803 ,
3040 3717 3148 3786 sed
3201 3739 3330 3784 non
3385 3735 3459 3784 ut
3512 3733 3819 3809 appareat
3872 3763 3895 3782 .
3944 3719 4145 3784 Tum

1145 3803 1590 3875 removebitur
1640 3813 1855 3877 omnis
1909 3813 2187 3902 insignis
2242 3805 2555 3902 ornatus]
2608 3818 2790 3905 quasi
2845 3823 3403 3909 margaritarum:
3460 3839 3545 3887 ne
3595 3817 3950 3887 calamistri
3988 3818 4141 3906 ‘1¹²3‘

1145 3907 1300 3972 dem
1353 3903 1872 3977 adhibebuntur:
1925 3913 2133 3981 fucati
2188 3938 2345 3984 vero
2402 3919 2887 3988 medicamenta
2955 3919 3261 3990 candoris
3299 3974 3320 4007 ,
3388 3923 3459 3992 δε
3520 3917 3775 3988 ruboris
3809 3972 3829 4007 ,
3902 3920 4137 3987 omnia

1149 4005 1600 4094 repellentur:
1657 4008 1992 4098 elegantia
2045 4016 2285 4103 modo,
2336 4021 2407 4087 ὃς
2468 4020 2801 4086 munditia
2854 4020 3275 4114 remanebitg.
3340 4025 3574 4089 Sermo
3622 4043 3825 4110 purus
3866 4021 3990 4090 erit
4048 4023 4133 4088 δε

1139 4107 1468 4182 Latinusz
1521 4107 1844 4196 dilucide,
1903 4114 2228 4204 planeque
2278 4119 2579 4186 dicetur·-
2623 4119 2780 4207 quid
2834 4120 3104 4207 deceat,
3154 4120 3765 4212 circumspiciatur.

1251 4207 1505 4275 XXlV.
1563 4209 1792 4278 U‘num
1845 4212 2088 4299 aderit,
2133 4218 2315 4307 quod'
2359 4237 2677 4309 quartum
2746 4238 3055 4290 numerat
3121 4223 3609 4311 Theophrastus
3672 4223 3738 4290 in
3804 4220 4139 4291 orationis

1145 4307 1490 4395 laudibus,
1538 4326 1857 4384 ornatum
1901 4315 2068 4385 illud
2117 4315 2363 4408 suave,
2407 4322 2478 4391 ὅ(
2541 4319 2821 4392 affluens
2868 4335 3005 4414 (41
3043 4337 3113 4415 >t
3161 4341 3412 4412 acutae*
3456 4327 3820 4417 crebraeque
3870 4322 4137 4394 senten-

3926 4428 4031 4496 tiae

1193 4778 1388 4856 ,(40)
1425 4763 1740 4862 Pistor-ille
1779 4789 1809 4848 )
1845 4753 2166 4844 Timanthes
2204 4789 2388 4870 pistor
2430 4792 2589 4861 inge·
2694 4811 2791 4854 rat
2828 4795 3227 4868 Theophrastus
3277 4805 3340 4859 in
3376 4745 3637 4858 orationis
3674 4799 3945 4858 laudibus
3973 4839 3987 4864 ,
4042 4819 4139 4856 or-

1145 4845 1466 4928 noiofiffimus
1497 4887 1513 4913 ,
1546 4851 1807 4932 cums-est
1847 4856 2036 4914 tabella
2092 4857 2406 4940 IPh¹3⁶¹3¹÷=
2446 4862 2593 4921 ssan—
2696 4881 2901 4923 nurum
2958 4869 3110 4924 illud
3152 4867 3336 4940 fua-ue
3368 4913 3385 4940 ,
3444 4870 3560 4938 &c-
3598 4876 3625 4935 )
3662 4871 3947 4930 Lambinus
3983 4870 4146 4930 vidit

1147 4936 1220 4980 us
1253 4917 1322 4975 ad
1359 4937 1472 4976 aras
1517 4927 1573 4980 ὅ(
1611 4941 1868 4993 periturae
1900 4965 1920 4982 ..
1971 4929 2063 4987 De
2099 4947 2201 5002 qua
2238 4933 2448 4992 Plinius
2488 4935 2587 4994 fib.
2696 4936 2839 4996 hanc
2875 4939 3145 5018 vulgatam
3182 4940 3477 5004 led-ionem
3509 4940 3651 5000 ferri
3684 4963 3798 5002 nen
3821 4938 4003 5016 polle:
4052 4961 4137 5000 re·

1163 5008 1338 5052 ⁸²¹st
1372 5011 1422 5048 c·
1466 5013 1545 5048 ¹0·
1585 4995 1872 5080 Prustmf‘·
2696 5007 2877 5082 posuit
2915 5013 3080 5082 igitur
3116 5016 3466 5087 <conjectura
3492 5055 3512 5081 ,
3545 5014 3801 5086 opinor)
3837 5033 4147 5070 ornamen-

1231 5066 1388 5139 (μ)
1425 5070 1620 5125 Unum
1655 5067 1872 5139 aderet,
1909 5071 2055 5148 ρειαί
2089 5089 2358 5150 quartum
2395 5095 2591 5139 nume-
2698 5097 2821 5138 tum
2862 5083 3019 5140 illud·
3032 5081 3254 5155 litave-
3289 5091 3369 5150 At
3391 5129 3413 5156 ,.
3442 5104 3564 5147 cunt
3605 5084 3727 5145 Mffi
3774 5084 4011 5146 habeant
4050 5103 4145 5142 υ-

3946 5173 4063 5216 22-
4119 5210 4130 5224 ᾖ
