4359 6321
19 5173 33 6001 -ι--ν--Γῂ-Ι

935 486 1554 577 LIBER
1677 442 2493 581 PRIMUS.
2930 520 3105 610 ιη

359 604 616 680 xxvi.
661 594 788 673 'sed
837 604 993 697 quia
1041 602 1126 672 de
1177 624 1436 673 oratore
1487 606 1842 695 quaerimus
1879 658 1901 693 ,
1969 607 2323 695 fingendus
2370 610 2468 677 est
2518 605 2707 676 nobis
2768 612 3087 679 oratione·
3122 630 3231 679 no·

251 704 424 796 stra,
467 704 776 776 detraffls
827 704 1130 773 omnibus
1181 706 1395 793 vitiis,
1445 718 1701 792 orator,
1751 724 1953 798 atque
2005 711 2191 775 omni
2244 709 2442 777 laude
2496 710 2881 779 cumulatus
2918 760 2938 783 .
2994 714 3247 798 Neque-

245 815 426 881 enim
450 800 490 898 ,'
523 810 571 877 fi
625 808 982 876 multitudo
1035 806 1299 892 litium,
1349 806 1398 873 fi
1451 812 1734 878 varietas
1777 807 2273 894 'causarum,·fi
2324 812 2463 880 haec
2508 812 2701 879 turba
2735 864 2760 898 ,
2812 815 2883 881 δι
2940 808 3233 877 barbaria

243 908 523 979 forenfis
565 908 676 975 dat
727 910 950 977 locum
1009 908 1116 975 vel
1171 908 1586 978 vitiofiffimis
1635 908 1996 978 oratoribus
2033 963 2054 997 ,
2103 910 2357 979 idcirco
2405 935 2527 979 nos
2572 914 2705 981 hoc
2732 948 2766 995 ·‚
2834 913 3005 1002 quod
3056 932 3231 1001 quae·

241 1015 502 1098 rimuS,
567 1009 962 1077 omittemus
997 1056 1015 1075 .
1070 1011 1302 1095 Itaque
1351 1013 1420 1077 in
1471 1013 1552 1079 iis
1603 1012 1854 1079 artibus
1899 1066 1920 1098 ,
1983 1012 2054 1077 in
2103 1010 2341 1099 quibus
2389 1036 2523 1079 non
2594 1015 2845 1083 utilitas
2918 1014 3229 1101 quaritur-

241 1114 630 1198 ncceffaria,
686 1109 797 1177 sed
845 1110 1049 1177 animi
1105 1107 1308 1175 libera
1357 1113 1651 1202 quaedam
1702 1110 2048 1181 oblectatio
2085 1163 2110 1197 ,
2155 1134 2359 1200 quam
2409 1115 2819 1200 diligenter,
2894 1115 2963 1183 &
3020 1132 3229 1201 quam

239 1232 436 1305 prope
487 1212 808 1281 fastidiose
863 1210 1229 1290 judicamus
1265 1212 1304 1274 ἕ
1371 1213 1586 1282 Nu'llae
1657 1215 1836 1281 enirn
1903 1213 2048 1280 lites
2089 1266 2112 1297 ,
2182 1234 2394 1303 neque
2462 1214 2919 1283 controversiae
2993 1211 3145 1282 suut
3205 1262 3227 1297 ,

242 1336 384 1402 quae
437 1328 688 1404 cogant
739 1310 1046 1389 homines
1086 1364 1106 1395 ,
1188 1314 1352 1381 ficut
1421 1314 1488 1379 i'n
1541 1317 1692 1382 foro
1743 1336 1879 1385 noa
1926 1310 2136 1381 bonos
2184 1332 2479 1385 oratores
2516 1365 2537 1400 ‚
2606 1316 2765 1381 item
2838 1315 2907 1380 in
2956 1312 3227 1381 theatro

131 1456 180 1480 .·
235 1414 492 1484 astores
545 1412 766 1482 malos'
805 1416 1086 1502 perpeti.

339 1514 454 1580 Est
501 1516 708 1603 igitur
760 1515 1001 1581 oratori
1053 1513 1402 1604 diligenter
1449 1515 1956 1604 <providendum
1997 1565 2018 1599 ‚
2088 1530 2227 1581 non
2276 1520 2375 1584 uti
2424 1517 2563 1584 illis
2616 1516 2969 1585 satisfaciat
3010 1568 3031 1601 ,
3082 1518 3261 1606 qui-.

234 1616 357 1682 bus
408 1617 650 1683 necesse
696 1612 825 1681 est:
880 1613 986 1681 std
1034 1616 1108 1681 ut
1161 1616 1242 1682 iis
1292 1612 1692 1685 admirabilis
1742 1618 1862 1685 effe
1919 1613 2215 1683 videatur
2253 1666 2275 1699 ‚
2326 1616 2565 1708 quibus
2618 1616 2817 1683 libere
2868 1618 3063 1685 liceat
3123 1616 3230 1693 iu·-

232 1716 492 1783 dicare.
546 1722 687 1803 Ac,
738 1714 784 1780 fi
840 1717 1124 1804 quaeritir
1164 1769 1186 1802 ,
1235 1716 1426 1803 plane
1461 1770 1482 1803 ‚
1529 1719 1690 1807 quid
1745 1718 2026 1789 sentiam
2067 1766 2088 1801 ‚
2137 1716 2493 1785 enuntiabo
2545 1717 2718 1805 apud
2768 1718 3073 1785 homines
3126 1714 3225 1781 fa·
3286 1750 3305 1771 ι

231 1817 739 1902 miliariffimos,
789 1818 968 1905 quod
1019 1817 1234 1885 adbuc
1297 1819 1546 1906 semper
1596 1822 1832 1905 tacui,
1901 1822 1971 1888 &
2029 1819 2390 1887 tacendum
2444 1822 2669 1909 putavi
2713 1864 2728 1881 .
2800 1818 2981 1887 Mihi.
3022 1817 3225 1883 etiam

236 1917 482 2002 quique
533 1920 778 2001 opt-ime
827 1918 1097 1997 dicunt,
1147 1916 1390 2003 quique
1441 1918 1506 1981 id
1555 1918 1918 2005 facillime,
1967 1936 2166 2005 atque
2220 1922 2611 1989 ornatissime
2668 1920 2886 1987 facere
2924 1920 3221 2005 possunt,

234 2030 462 2080 tamen
502 2064 521 2098 ‚
591 2012 712 2081 nifi
766 2013 990 2079 timide
1039 2015 1126 2076 ad
1175 2014 1534 2083 dicendum
1581 2020 1901 2084 accedunt
1941 2066 1962 2100 ‚
2031 2020 2102 2085 δε
2157 2022 2225 2084 in
2278 2021 2677 2087 exordienda
2726 2022 3025 2089 oratione
3074 2037 3225 2105 per-

233 2112 628 2199 turbantur,
677 2132 846 2202 pene
894 2112 1315 2201 impudentes
1369 2114 1729 2182 videntur:
1799 2115 2054 2181 tametsi
2107 2121 2243 2201 (⁴⁸)
2294 2119 2359 2185 id
2412 2120 2701 2187 accidere
2754 2141 2887 2187 non
2937 2119 3141 2207 potest
3196 2156 3223 2179 -

232 2216 332 2279 Ut
379 2216 565 2279 enim
617 2214 892 2301 quisque
937 2217 1186 2302 optime
1237 2214 1396 2281 dicit
1432 2268 1454 2300 ,
1501 2217 1590 2281 ita
1639 2216 1936 2281 maxime
1987 2214 2243 2281 dicendi
2294 2216 2746 2284 difficultatem
2784 2270 2806 2302 ,
2879 2215 3223 2303 variosque

230 2329 502 2382 eventus
545 2314 868 2381 'orationis
903 2366 923 2399 ,
987 2314 1646 2403 expectationemque
1699 2318 2052 2383 hominum
2105 2316 2495 2402 pertimescit
2536 2366 2553 2382 .
2624 2317 2761 2397 Qui
2832 2336 2989 2381 vero
3054 2313 3224 2381 nihil

230 2414 438 2504 potest
485 2415 765 2503 dignum
819 2436 929 2499 re,
977 2413 1260 2502 dignum
1311 2417 1585 2482 nomine
1631 2417 1963 2497 oratoriS,
2011 2413 2291 2501 dignum
2346 2419 2699 2485 hominum
2752 2415 3017 2483 auribus
3088 2411 3223 2481 effi-

229 2536 421 2602 cere,
470 2532 664 2604 atque
710 2516 951 2599 edere,
1001 2518 1056 2581 is
1107 2516 1268 2581 mihi
1316 2566 1334 2599 ,
1383 2515 1632 2583 etiamst
1685 2530 2144 2581 commovetur
2196 2517 2267 2581 in
2314 2516 2599 2587 dicendo
2638 2570 2659 2601 ,
2729 2530 2951 2581 tamen
3004 2517 3225 2601 impu·

228 2614 396 2681 dens
449 2616 747 2685 videtur.
808 2620 962 2683 Non
1013 2618 1196 2683 enim
1249 2615 1600 2702 pudendo,
1653 2616 1762 2684 sed
1811 2636 1946 2682 non
2003 2614 2309 2683 faciendo
2360 2618 2423 2683 id
2462 2666 2484 2701 ,
2534 2615 2709 2707 quod
2760 2637 2896 2683 non
2954 2613 3141 2705 decet
3194 2664 3219 2698 ,

227 2716 652 2803 impudentiae
711 2738 957 2785 nomen
1008 2718 1295 2805 effugere
1347 2715 1691 2784 debemus.
1743 2720 1966 2799 Quem
2021 2736 2175 2785 vero
2224 2724 2359 2785 ‘non
2416 2716 2613 2805 pudet
2643 2768 2665 2802 ,
2736 2725 2763 2801 (
2806 2714 2871 2781 id
2922 2714 3097 2803 quod
3147 2716 3219 2781 in

231 2816 552 2908 plerisque
603 2819 788 2885 video
828 2832 856 2906 )
927 2818 1109 2885 hunc
1162 2838 1296 2905 ego
1347 2838 1480 2884 non
1532 2816 2026 2904 reprehensione
2079 2815 2296 2885 solum
2336 2867 2357 2901 ,
2429 2817 2533 2885 scd
2602 2816 2807 2885 etiam
2856 2838 3051 2902 poena
3120 2815 3223 2881 di·
3324 2858 3339 2871 .

227 2940 448 3006 gnum
499 2938 693 3006 puto.
751 2921 1076 3008 Equidem
1134 2920 1204 2990 δι
1261 2920 1332 2985 in
1385 2918 1568 2985 vobis
1619 2918 2154 2988 animadvertere
2213 2916 2387 2985 soleo
2422 2970 2443 3002 ,
2518 2920 2586 2987 δι
2644 2919 2709 2983 in
2762 2938 2871 2983 me
2918 2915 3057 3002 ipso
3108 2914 3223 2983 sae·

229 3018 484 3106 piffime
529 3022 876 3107 experior,
925 3038 1000 3085 nt
1051 3017 1468 3087 exalbescam
1519 3021 1588 3087 in
1643 3020 1974 3107 principiis
2027 3017 2285 3089 dicendi
2330 3070 2353 3104 ,
2426 3020 2496 3088 &
2557 3034 2693 3085 tota
2742 3033 2965 3084 mente
3014 3034 3220 3105 atque

230 3116 544 3184 omnibus
593 3118 858 3186 artubus
903 3118 1414 3186 contremiscam
1455 3171 1471 3186 .
1547 3116 2102 3188 Adolescentulus
2153 3138 2319 3186 vero
2370 3118 2456 3186 fic
2524 3120 2710 3185 initio
2752 3115 3219 3185 'accusationis

233 3218 668 3304 exanimatus,
709 3217 852 3284 sum
880 3267 901 3298 ,
948 3235 1024 3281 ut
1071 3219 1194 3284 hoc
1253 3219 1588 3285 summum
1638 3217 2036 3288 beneficium
2092 3231 2186 3302 Q
2232 3219 2539 3286 Maximo
2588 3216 2929 3288 debuerim
2967 3270 2988 3303 ‚
3036 3217 3217 3306 quod

231 3317 554 3384 continuo
605 3315 954 3386 confilium
1005 3314 1322 3384 dimiserit
1362 3366 1382 3399 ,
1453 3315 1648 3385 fimul
1699 3334 1774 3383 ac
1827 3339 1938 3386 me
2010 3315 2311 3392 fraffium
2402 3339 2479 3382 ac
2550 3315 2960 3388 debilitatum
3028 3333 3225 3386 metu,

233 3415 507 3486 viderit.
1018 3467 1032 3476 -

333 3519 466 3588 Hic
521 3541 750 3588 omnes
802 3520 1024 3591 airenfi
1063 3569 1083 3603 ‚
1159 3517 1526 3607 fignificat-e
1598 3521 1768 3586 inter
1819 3515 1950 3584 sese
1988 3569 2014 3602 ‚
2089 3520 2162 3587 δε
2234 3515 2523 3604 colloqui
2592 3528 2936 3602 coeperunt
2976 3560 2992 3578 .
3061 3513 3221 3582 Fuit

235 3617 420 3688 enim
470 3620 802 3689 mirificus
850 3620 1117 3709 quidam
1167 3621 1240 3686 in
1291 3619 1512 3686 Crasso
1562 3621 1772 3707 pudor
1813 3670 1832 3700 ‚
1887 3620 1995 3704 qui
2051 3636 2275 3688 tamen
2330 3639 2463 3682 non
2538 3613 2741 3680 modo
2783 3635 2929 3681 non
2981 3613 3219 3682 obeii‘a't

226 3721 380 3800 ejus
427 3723 742 3805 orationi,
795 3719 898 3788 sed
945 3721 1147 3788 etiam
1198 3718 1538 3808 probitatis
1585 3718 2164 3788 commendatione
2216 3713 2561 3805 prodeffet.

335 3825 624 3889 XXVII.
677 3825 860 3888 Tum
911 3821 1252 3886 Antonius
1290 3872 1311 3905 ,
1361 3829 1536 3908 Saepe
1576 3872 1597 3904 ,
1645 3836 1720 3886 ut
1775 3818 1938 3883 dicis
1978 3871 2000 3902 ,
2069 3821 2340 3907 inquit,
2396 3811 2828 3882 animadverti
2873 3866 2892 3898 ,
2944 3813 3163 3883 Craffe
3196 3867 3255 3903 ,.

228 3925 303 3992 δε
367 3937 470 4008 te,
524 3926 592 3991 δι’.
650 3937 913 3990 caeteros
966 3921 1260 3988 summos
1309 3937 1604 3988 oratores
1646 3971 1670 4002 ‚
1737 3937 2118 4006 quanquam
2192 3916 2307 3984 tibi
2363 3937 2479 4004 par
2522 3969 2543 4000 ,
2612 3933 2759 3980 mea
2814 3915 3136 3983 sententia
3194 3963 3221 4004 ,

226 4043 430 4088 nemo
478 4043 778 4112 unquam
834 4023 1005 4108 fuit,
1055 4023 1122 4087 in
1172 4017 1432 4088 dicendi
1485 4019 1764 4088 exordio
1814 4022 2185 4104 permoveri
2226 4065 2244 4084 .
2312 4017 2523 4094 euius
2572 4014 2839 4104 quidem
2910 4017 3006 4084 rei
3056 4033 3218 4084 cum

223 4123 501 4191 causam
551 4144 958 4214 quaererem,
1003 4121 1316 4210 quidnam
1368 4122 1512 4188 esset
1543 4175 1564 4207 ,
1607 4144 1772 4206 cur,
1819 4140 1894 4185 ut
1949 4123 2018 4186 in
2071 4140 2331 4209 quoque
2382 4135 2641 4184 oratore
2694 4118 3067 4202 plurimum
3118 4115 3219 4184 es-
3266 4202 3271 4210 .

226 4225 321 4290 set
365 4279 390 4312 ,
435 4228 521 4291 ita
577 4227 868 4292 maxime
919 4227 976 4290 is
1029 4222 1502 4312 pertimesceret
1547 4273 1568 4307 ,
1638 4223 1758 4286 has
1827 4219 2063 4287 causas
2131 4219 2545 4288 inveniebam
2614 4216 2787 4287 duas
2827 4244 2849 4282 .-
2929 4221 3157 4284 Unam
3194 4269 3219 4306 ,

225 4325 401 4416 quod
454 4327 894 4412 inteliigerent
947 4329 1064 4408 iis,
1115 4344 1276 4411 quos
1333 4321 1488 4388 usus
1542 4343 1618 4388 ac
1671 4340 1911 4388 natura
1963 4319 2267 4390 docuisset
2308 4377 2331 4408 ,
2384 4340 2867 4410 nonnunquam
2944 4319 3219 4386 summis

223 4425 593 4494 oratoribus
649 4448 780 4492 non
838 4426 984 4492 satis
1037 4448 1120 4492 ex
1181 4423 1488 4488 sententia
1541 4441 1852 4488 eventum
1908 4421 2162 4488 dicendi
2221 4423 2623 4510 procedete=
2696 4422 2787 4485 ita
2861 4441 2989 4488 non
3044 4422 3221 4498 inju-

223 4532 368 4615 ria,
421 4525 960 4618 quotiescumque
1011 4529 1305 4592 dicerent
1349 4574 1370 4605 ,
1441 4523 1504 4588 id
1545 4575 1566 4606 ,
1633 4525 1806 4612 quod
1863 4520 2221 4611 aliquando
2272 4526 2463 4613 poss‘et
2514 4520 2805 4590 accidere
2845 4574 2866 4607 ,
2936 4543 3019 4592 ne
3070 4541 3220 4590 tum

175 4721 180 4726 ⁸
226 4627 552 4698 accideret
581 4681 600 4714 ,
673 4632 906 4698 timere
945 4678 962 4696 .
1032 4632 1266 4696 Altera
1318 4623 1418 4691 est
1464 4623 1600 4692 haec
1643 4675 1669 4710 ,
1734 4626 1816 4690 de
1871 4645 2008 4714 quo
2063 4625 2255 4714 queri
2310 4626 2471 4716 sepe
2524 4624 2699 4694 soleo
2740 4647 2765 4692 ι
2829 4642 3221 4696 caeterarum

2906 4726 3114 4792 homi-

241 4911 3215 4982 mm

301 5059 332 5118 (
352 5059 376 5088 ”
403 5063 430 5125 )
458 5056 527 5114 u
565 5057 852 5122 accidere)
889 5059 1038 5119 Man-
1063 5056 1127 5114 id
1161 5075 1272 5113 non
1305 5053 1546 5126 accidere
1577 5073 1688 5112 non
1718 5053 1926 5127 potest.
