4359 6321
993 479 2360 589 ORATORIBUS.
2922 532 3099 625 351

249 609 500 701 Itaque
540 606 611 677 δε
671 600 858 675 leffis
903 606 1120 674 utitur
1171 606 1430 695 verbis,
1480 610 1554 680 &
1613 609 2070 701 frequentibus
2112 638 2130 679 ε
2186 616 2255 683 &
2316 613 2653 705 splendore
2707 616 2893 685 vocis
2938 669 2960 705 ,
3012 624 3083 692 δε
3136 621 3234 705 dj-

249 713 498 803 gnitate
552 724 769 775 motus
819 704 896 773 fit
949 704 1312 795 speciosum
1367 710 1442 779 δε
1495 706 1752 781 illustre
1783 764 1810 801 ‚
1859 712 2037 802 quod
2084 716 2390 785 dicitur:
2440 720 2796 807 omniaque
2857 719 2943 785 fic
3004 718 3229 809 suppe-

244 826 400 879 tunt
437 864 460 899 ,
507 826 580 878 ut
631 810 691 877 ei
745 806 1010 877 nullam
1057 810 1268 879 deesse
1319 810 1634 881 virtutem
1676 817 1972 883 oratoris
2024 831 2255 902 putem
2298 840 2325 884 ι
2376 823 2800 910 maximeque
2852 821 3227 893 laudandus

238 911 338 979 est
377 964 396 995 ,
444 911 556 1001 qui
607 910 736 978 boc
783 926 1083 997 tempore
1135 908 1275 997 ipso
1310 964 1333 997 ‚
1401 932 1559 979 cum
1610 916 1751 1005 (⁴¹)
1803 916 2002 985 liceat
2042 968 2064 1002 ,
2115 918 2184 983 in
2234 919 2361 987 hoc
2414 924 2761 989 communi
2814 921 3029 993 nostro
3068 976 3091 1009 ‚
3148 926 3223 993 δε

242 1014 425 1103 quafi
482 1012 662 1079 fatali
710 1012 939 1098 malo,
987 1010 1360 1080 consoletur
1414 1009 1476 1081 se
1529 1032 1686 1081 cum
1735 1017 2144 1087 conscientia
2179 1022 2440 1105 optimae
2478 1024 2769 1107 mentis,
2820 1040 2967 1092 tum
3018 1026 3223 1092 etiam

241 1114 662 1203 usurpatione
717 1114 792 1183 &
848 1112 1274 1181 renovatione
1316 1110 1665 1183 doetrinae.
1723 1116 1875 1183 Vidi
1926 1122 2110 1187 enim
2163 1120 2517 1205 Mytilenis
2575 1142 2777 1208 nuper
2817 1127 3077 1212 virum,
3131 1144 3230 1191 at-

239 1236 371 1305 que
425 1226 552 1301 (ut
593 1214 742 1282 dixi
763 1222 796 1299 >
847 1212 980 1283 vidi
1029 1214 1225 1303 plane
1279 1214 1538 1283 virum.
1595 1220 1826 1307 Itaque
1877 1240 2036 1287 cum
2086 1240 2248 1290 eum
2302 1238 2501 1289 antea
2548 1222 2647 1288 ‘tui
2682 1220 2959 1291 limilem
3010 1229 3079 1293 in
3132 1228 3229 1292 di-

239 1316 448 1385 cendo
497 1315 780 1389 viderim
819 1368 838 1403 ,
903 1330 1058 1383 tum
1117 1332 1278 1383 vero
1329 1335 1510 1386 nunc
1556 1338 1598 1385 a
1651 1317 2008 1387 dostiffimo
2064 1321 2207 1385 vito
2242 1372 2263 1403 ‚
2334 1320 2579 1411 tibique
2618 1372 2639 1406 ‚
2710 1337 2787 1387 ut
2857 1323 3151 1391 intellexi
3202 1376 3225 1411 ,

241 1418 625 1483 amiciffimo
673 1419 984 1506 Cratippo
1037 1416 1431 1489 instrunum
1481 1421 1664 1485 omni
1715 1423 1906 1508 copia
1941 1472 1963 1506 ‚
2011 1419 2230 1488 multo
2282 1420 2583 1489 videbam
2638 1420 3069 1491 fimiliorem.

257 1557 268 1585 ·.
343 1522 477 1585 Hic
527 1538 694 1605 ege,
748 1518 922 1602 Etsi,
971 1518 1285 1607 inquam,
1335 1518 1418 1587 de
1471 1521 1697 1607 optimi
1755 1522 1876 1590 viri
1907 1574 1928 1606 ,
1980 1519 2291 1608 nobisque
2346 1520 2711 1587 amiciffimi
2764 1524 3065 1591 laudibus
3116 1523 3218 1591 lu-

239 1618 468 1687 benter
523 1618 724 1687 audio
758 1672 781 1705 ‚
821 1636 1050 1686 tamen
1103 1620 1374 1690 incurro
1422 1621 1492 1687 in
1545 1622 1942 1689 memoriam
1995 1620 2462 1690 communium
2516 1617 2933 1687 miseriarum
2968 1678 2989 1710 ,
3060 1646 3225 1712 qua-

232 1734 396 1785 rum
445 1717 842 1787 oblivionem
893 1740 1189 1809 quaerens
1229 1775 1248 1806 ‚
1316 1722 1497 1789 hunc
1554 1724 1766 1811 ipsum
1823 1720 2195 1791 sermonem
2244 1719 2529 1809 produxi
2581 1719 2851 1807 lougius
2890 1766 2909 1783 .
2960 1724 3085 1787 Sed
3139 1726 3223 1791 de

236 1818 487 1889 Caesare
536 1821 730 1908 cupio
787 1826 1058 1906 audire,
1108 1824 1268 1910 quid
1321 1826 1593 1891 tandem
1652 1826 1914 1893 Atticus
1975 1824 2266 1905 judicet.

341 1925 626 1993 LXXII.
685 1926 764 1987 Et
813 1925 928 1993 ille
967 1978 986 2009 ‚
1056 1924 1369 1991 Praeclare
1411 1976 1432 2010 ,
1486 1928 1699 2013 inquit
1742 1979 1762 2012 ‚
1814 1926 1928 1993 tibi
1977 1924 2291 1994 constans
2326 1970 2353 2006 ,
2398 1938 2482 1989 ut
2533 1920 2612 1991 de
2663 1922 2745 1988 iis
2782 1972 2803 2007 ,
2874 1926 2987 2011 qui
3040 1925 3224 1995 nunc

238 2020 368 2089 fint
409 2078 432 2109 ‚
483 2024 646 2090 nibil
711 2026 876 2091 velis
923 2023 1056 2113 ipse
1103 2026 1318 2091 dicere
1358 2048 1374 2088 ε
1430 2028 1498 2095 ὃ(
1555 2028 1774 2095 hercle
1826 2028 1874 2095 fi
1931 2028 2018 2097 fic
2069 2043 2297 2115 ageres
2336 2074 2357 2108 ‚
2406 2042 2490 2091 ut
2548 2026 2631 2090 de
2684 2024 2765 2088 iis
2810 2023 2999 2112 egisti
3037 2077 3058 2111 ,
3108 2028 3225 2115 qui

239 2123 374 2203 iam
433 2125 674 2191 mortui
732 2125 924 2212 sunt,
976 2130 1315 2193 neminem
1369 2145 1441 2193 ut
1491 2130 2064 2216 praetermitteres,
2117 2148 2215 2195 nae
2270 2144 2343 2191 tu
2392 2124 2467 2190 in
2516 2123 2776 2195 multos
2812 2127 3223 2214 Anu-onim,

237 2226 308 2293 &
369 2224 673 2291 Staienos
727 2230 1132 2295 incurreres.
1183 2234 1414 2315 Quare
1474 2231 1608 2299 five
1654 2232 1835 2299 'hanc
1887 2231 2152 2299 turbam
2202 2224 2513 2313 effugere*
2555 2225 2811 2293 voluisti
2846 2276 2873 2311 ,
2926 2226 3059 2293 five
3116 2252 3225 2297 ve-

234 2326 404 2396 ritus
451 2348 520 2393 es
554 2374 578 2411 ,
631 2349 714 2393 ne
764 2332 914 2418 quis
967 2328 1030 2395 se
1080 2348 1193 2397 aut
1245 2334 1642 2418 praeteritum
1693 2385 1714 2419 ,
1787 2351 1898 2401 aut
1951 2353 2082 2399 non
2135 2332 2287 2399 satis
2340 2327 2687 2394 laudatum
2736 2328 2923 2418 queri
2977 2328 3215 2415 poffit:

227 2426 314 2497 de
361 2427 611 2495 Caesare
653 2446 884 2499 tamen
939 2435 1190 2520 potuisti
1247 2434 1470 2503 dicere
1511 2490 1530 2521 ‚
1585 2434 1938 2523 praesertim
1987 2454 2154 2503 cum
2203 2433 2277 2501 &
2338 2445 2533 2499 tuum
2582 2429 2663 2497 de
2710 2431 2895 2500 illius
2944 2431 3219 2519 ingenio

229 2528 636 2597 notiffimum
682 2530 1014 2610 judicium
1070 2536 1260 2620 ess'et,
1312 2556 1431 2603 nec
1475 2537 1665 2605 illius
1715 2536 1798 2603 de
1847 2552 1964 2605 tuo
2014 2532 2443 2627 obscurum,
2580 2602 2587 2609 ,
2786 2604 2793 2611 ,
2838 2594 2846 2602 .
2908 2596 2919 2609 ,

333 2631 458 2699 Sed
513 2648 781 2719 tamen,
831 2640 1036 2703 Brute
1067 2688 1095 2720 ,,
1147 2639 1356 2725 inquit
1413 2642 1672 2711 Atticus
1709 2692 1730 2722 ,
1779 2636 1863 2704 de
1913 2638 2164 2707 Caesate
2218 2638 2289 2703 &
2344 2628 2481 2719 ipse
2526 2628 2618 2697 ita
2672 2626 2891 2705 iudico
2928 2682 2951 2716 ,
3004 2630 3073 2699 &
3132 2628 3219 2699 de

225 2729 354 2799 hoc
401 2733 607 2808 huius
656 2741 912 2822 generis
963 2740 1280 2803 acerrimo
1325 2736 1714 2805 aestimatore
1767 2738 2088 2823 saep‘iffime
2139 2736 2337 2811 audio
2378 2782 2409 2815 .‚
2474 2732 2671 2797 illum
2724 2733 3027 2798 omnium
3086 2732 3221 2801 fere

221 2850 564 2901 oratorum
622 2836 858 2903 Latine
911 2836 1090 2925 loqui
1143 2838 1652 2927 eiegant'iffime.
1711 2840 1855 2904 Nec
1910 2838 1974 2905 id
2031 2838 2247 2904 solum
2296 2830 2649 2900 domestica
2695 2832 3216 2919 consuetudine,

225 2950 304 3006 ut
355 2934 616 3020 dudum
657 2937 753 3003 de
803 2937 1162 3005 Laeliorum
1215 2939 1286 3007 &
1345 2938 1733 3007 Muciorum
1787 2938 2058 3007 familiis
2098 2932 2563 3005 audiebamus:
2623 2932 2771 3018 sed,
2822 2956 3215 3025 quanquam

223 3034 292 3103 id
341 3056 603 3124 quoque
655 3038 852 3103 credo
905 3036 1085 3106 fuiffe
1126 3094 1148 3124 ,
1218 3059 1446 3107 tamen
1520 3060 1590 3109 ut
1657 3040 1806 3107 effer
1859 3042 2144 3129 perfecta
2202 3038 2319 3107 illa
2388 3034 2549 3101 bene
2617 3035 2933 3125 loquendi
2990 3037 3139 3105 laus
3194 3090 3221 3123 ‚

224 3136 458 3205 multis
501 3138 715 3204 'literis
751 3189 773 3218 ,
847 3140 915 3205 ὃ(
977 3142 1058 3204 iis
1107 3141 1374 3226 quidem
1427 3140 1788 3208 reconditis
1843 3144 1914 3210 &
1969 3141 2308 3232 exquisitis
2348 3189 2376 3220 ,
2428 3136 2821 3224 summoque
2870 3132 3084 3204 studio
3136 3141 3206 3208 &

225 3235 570 3321 diligentia
623 3233 714 3300 est
764 3237 1150 3304 consecutus
1185 3286 1201 3304 .
1273 3240 1458 3320 Quin
1509 3241 1710 3306 etiam
1761 3242 1829 3304 in
1885 3244 2197 3308 maximis
2250 3235 2791 3318 occupationibus
2840 3288 2863 3319 ‚
2916 3259 3077 3302 cum
3130 3236 3213 3303 ad

223 3351 291 3402 te
349 3333 559 3422 ipsum
612 3337 921 3424 (inquit,
973 3339 1040 3406 in
1092 3361 1202 3406 me
1256 3340 1573 3426 intuens)
1623 3339 1704 3404 de
1761 3341 2016 3410 ratione
2067 3339 2305 3406 Latine
2358 3331 2667 3419 loquendi
2726 3338 3215 3402 accuratiffime

224 3436 590 3522 scripst:rit,⁸
651 3439 992 3528 primoque
1039 3440 1106 3506 in
1165 3437 1336 3508 libro
1383 3438 1670 3525 dixerit,
1725 3436 2080 3513 verborum
2128 3433 2463 3504 deleaum
2493 3429 2829 3518 originem
2882 3441 3022 3501 else
3072 3437 3213 3502 elo·

221 3540 566 3628 quentiae;
637 3537 1074 3628 tribueritque
1110 3592 1132 3624 ‚
1213 3541 1304 3607 mi
1359 3543 1568 3608 Brute
1595 3593 1630 3626 .,
1701 3541 1860 3610 huic
1907 3539 2192 3624 nostro,
2258 3538 2371 3624 qui
2426 3553 2537 3600 me
2606 3537 2689 3599 de
2751 3533 2876 3600 'illo
2926 3537 3213 3623 maluit,

220 3660 426 3728 quam
485 3639 543 3704 se
599 3639 816 3707 dicere
843 3693 874 3726 .,
925 3641 1190 3708 laudem
1235 3641 1648 3729 singularem
1681 3665 1709 3708 τ
1759 3659 1980 3730 (nam
2011 3638 2283 3729 'scripsit
2334 3639 2442 3704 his
2494 3632 2709 3700 verbis
2746 3683 2767 3720 ‚
2816 3654 2977 3702 cum
3028 3639 3211 3709 hunc.

217 3740 498 3808 nomine
543 3737 711 3807 elset
753 3739 1046 3808 affatus:
1105 3756 1236 3829 Ac,
1273 3742 1376 3828 fi,
1423 3753 1575 3831 (a)
1615 3761 1696 3810 ut
1747 3754 2030 3830 cogitata
2075 3739 2390 3830 praeclare
2443 3738 2649 3820 eloqui
2698 3730 2927 3822 poffent
2963 3785 2987 3822 ,
3060 3743 3249 3806 non-.'

216 3839 383 3910 nulli
427 3843 635 3918 studio
687 3842 772 3913 ἐς·
815 3845 932 3928 usu
986 3843 1476 3912 elaboraverunt
1505 3897 1536 3930 ,
1603 3845 1788 3918 cuius
1859 3864 1920 3910 te
1966 3861 2119 3929 pene
2161 3847 2525 3930 principem
2592 3847 2783 3924 topice
2860 3855 3051 3924 atqu.-
3106 3849 3217 3910 im.

215 3959 551 4010 ventorem
589 3993 619 4026 ,
687 3943 838 4008 bene
889 3945 966 4010 de
1020 3953 1268 4010 nomine
1336 3966 1414 4012 ac
1468 3949 1782 4030 dignitate
1847 3943 2060 4033 populi
2117 3947 2401 4008 Romam·
2478 3946 2785 4004 meritum
2834 3942 3205 4018 existimare

215 4045 522 4110 debemus
558 4052 582 4115 )
623 4042 811 4110 hunc
871 4043 1136 4111 facilem
1205 4047 1278 4114 &
1341 4046 1820 4134 quotidianum
1871 4043 2136 4114 novisse
2186 4041 2599 4126 sermonem,
2652 4039 2747 4129 (b
2774 4052 2799 4129 J
2848 4061 3032 4111 -nunc
3086 4066 3207 4132 pro

215 4141 450 4212 tellite
477 4141 574 4208 est
605 4141 1034 4214 habendum.

324 4247 644 4312 Lxxul.
695 4247 880 4312 Tum
939 4249 1224 4329 Brutus,
1277 4249 1566 4331 Amice,
1609 4245 1922 4331 hercule,
1975 4245 2193 4338 inquit
2228 4295 2257 4330 ,
2310 4245 2381 4314 δε
2440 4241 2797 4332 magnifice
2848 4259 2919 4310 te
2970 4243 3200 4318 lauda-

213 4361 364 4412 tum
409 4363 574 4433 puto
613 4397 636 4430 ,
705 4367 908 4434 quem
971 4369 1111 4414 non
1166 4345 1389 4414 solum
1444 4348 1800 4434 principem
1871 4365 2066 4438 atque
2138 4349 2554 4416 inventorem
2622 4346 2827 4434 -copiae
2880 4329 3125 4415 dixerit
3182 4397 3207 4434 ,
3300 4438 3306 4444 .

213 4469 362 4538 quae
404 4465 548 4516 etat
597 4467 848 4539 magna
894 4447 1043 4518 laus
1075 4499 1104 4537 ‚
1173 4446 1282 4518 sed
1329 4449 1538 4518 etiam
1589 4446 1758 4518 bene
1801 4453 2119 4516 meritum
2171 4447 2263 4514 de
2311 4447 2539 4537 populi
2592 4447 2883 4515 Romani
2941 4453 3205 4516 nomine

2882 4551 2955 4619 &
3008 4550 3102 4617 di-

210 4775 3187 4848 mm&

288 4949 413 5015 (⁴¹)
449 4949 680 5006 Liceat)
719 4947 896 5006 lamb.
932 4967 1066 5007 eum
1093 4957 1290 5020 jaccae
1325 4956 1384 5012 in
1419 4951 1516 5012 hoe
1539 4989 1555 5008 .
1765 4947 1856 5007 vit
1881 4987 1900 5004 .
1935 4945 2126 5012 Infra,
2162 4967 2271 5020 pro
2304 4953 2463 5013 cuins
2498 4986 2517 5011 ‚
2558 4944 2687 5003 vide
2720 4965 2789 5002 an
2826 4943 2993 5014 hujus
3032 4957 3197 5016 repo..

290 5026 410 5085 (a)
449 5023 525 5073 Ut
563 5033 811 5088 cogitata
845 5031 871 5088 )
912 5017 1110 5080 Abesse
1151 5025 1510 5082 nonvudetur
1536 5015 1668 5096 pos:-
1767 5019 2010 5082 nendum
2052 5019 2116 5075 fit
2145 5059 2163 5076 .
2212 5019 2516 5077 olivetas.

205 5090 274 5164 se
307 5090 452 5156 illud
463 5105 565 5162 ut,
601 5089 752 5164 quod
787 5111 924 5156 unus
969 5109 1154 5163 tamen
1173 5094 1460 5159 Lambinus
1497 5113 1672 5168 agno-
1838 5091 1970 5160 (b)
2005 5089 2195 5158 Lamb,
2230 5107 2341 5152 non
2369 5100 2467 5162 pro
2500 5085 2781 5146 derelicto.

4258 6115 4325 6239 fi
