4359 6321
1151 555 2305 659 ORATOR.

265 684 374 749 1:3ae
428 691 803 770 ponentur,
855 678 926 747 &
983 677 1203 747 nescio
1253 680 1430 751 unde
1480 704 1562 749 ex
1623 676 1839 747 abdito
1891 702 2139 770 erutae,
2184 702 2379 779 atque
2426 686 2641 760 inhoc
2690 698 3261 765 oratoredomina-

275 779 563 849 buntur.
622 778 1063 848 verecundus
1117 782 1239 847 erit
1293 782 1450 854 usus
1502 779 1798 849 oratoriae
1851 784 2030 871 quast
2089 787 2545 875 supellectilis.
2601 794 2922 881 supellex
2972 795 3261 864 estenim

278 880 560 971 quodam
617 878 816 947 modo
869 878 1132 965 nostra,
1183 904 1320 971 quoe
1372 882 1466 951 est
1519 884 1588 949 in
1641 878 2084 970 ornamentis,
2137 889 2263 953 alia
2320 910 2543 959 rerum
2584 948 2604 981 ,
2660 896 2789 962 alia
2843 896 3191 965 verborum
3242 951 3262 972 ,

2949 573 3135 703 389

273 986 570 1050 Ornatus
627 997 851 1049 autem
905 979 1304 1070 verborum,
1353 983 1598 1071 duplex
1641 1006 1662 1045 :
1741 1004 1916 1049 unus
1988 983 2381 1073 simplicium
2420 1046 2440 1078 ,
2490 994 2651 1062 alter
2703 998 3186 1067 collocatorum
3242 1046 3259 1062 .

283 1085 582 1174 Simplex
636 1081 952 1171 probatur
1003 1083 1070 1150 in
1130 1086 1449 1173 propriiS‚
1499 1082 1870 1175 usitatisque
1925 1084 2137 1153 verbis
2177 1138 2197 1171 ,
2269 1094 2439 1176 quod
2492 1112 2604 1165 aut
2653 1100 2892 1184 optime
2964 1110 3111 1189 (a)
3166 1096 3265 1165 so.-

274 1200 432 1271 nat,
489 1200 601 1253 aut
653 1206 794 1252 rem
847 1185 1146 1252 maxime
1201 1185 1520 1276 explanat
1561 1230 1578 1251 .
1635 1188 1714 1249 In
1771 1188 1998 1253 alienis
2041 1242 2060 1273 ,
2117 1206 2229 1255 aut
2282 1190 2672 1261 translatum
2714 1248 2732 1280 ,
2801 1215 2911 1266 aut
2963 1200 3108 1290 (b)
3170 1200 3265 1266 fa-

274 1288 455 1355 Ctum
513 1286 830 1372 aliunde,
881 1300 957 1353 ut
1007 1302 1244 1353 mutuo
1301 1296 1440 1373 (42
1476 1293 1506 1367 J
1544 1308 1566 1347 .·
1643 1303 1755 1355 aut
1813 1284 2066 1355 fastum
2120 1287 2200 1356 ab
2256 1288 2442 1377 ipso:
2518 1310 2627 1359 aut
2682 1314 2930 1363 novum
2980 1312 3179 1387 (43)
3235 1322 3261 1361 .·

275 1404 387 1455 aut
443 1385 725 1477 priscum
783 1389 852 1457 &
909 1386 1298 1456 inufitatum
1338 1431 1356 1451 .
1412 1385 1535 1453 Sed
1584 1388 1786 1454 etiam
1837 1388 2144 1455 inusitata
2200 1410 2275 1455 ac
2328 1390 2533 1477 prisca
2590 1391 2737 1459 sunt
2805 1397 2872 1464 in
2923 1401 3191 1484 propriis
3246 1451 3266 1484 ,

277 1490 398 1560 nifi
458 1487 638 1579 quod
689 1508 838 1555 raro
889 1488 1177 1555 utimur.
1230 1488 1573 1555 collocata
1649 1504 1870 1555 autem
1949 1486 2144 1554 verba
2193 1488 2432 1557 habent
2484 1511 2800 1562 ornatum
2845 1550 2863 1580 ,
2919 1496 2965 1561 fi
3021 1499 3266 1586 aliquid

275 1588 737 1659 concinnitatis
789 1587 1130 1675 efficiunt,
1177 1587 1354 1679 quod
1409 1587 1622 1658 verbis
1684 1588 1950 1657 mutatis
1973 1610 2101 1656 non
2127 1606 2493 1677 maneant,
2547 1614 2857 1662 manente
2908 1596 3266 1665 sententia.

275 1696 452 1757 Nam
481 1688 948 1756 sententiarum
973 1706 1408 1777 ornamenta,
1459 1713 1604 1781 quae
1625 1706 2060 1781 permanent,
2107 1689 2360 1757 etiamsi
2405 1688 2597 1757 verba
2650 1699 3061 1782 mutaveriS,
3120 1699 3269 1766 sunt

285 1792 396 1857 illa
447 1790 713 1880 quidem
766 1792 1135 1881 permulta,
1190 1790 1342 1879 sed,
1389 1816 1530 1884 quse
1585 1794 1920 1862 emineant
1964 1843 1986 1877 ‚
2041 1791 2349 1877 pauciora
2390 1837 2407 1858 .
2462 1794 2641 1881 Ergo
2690 1795 2802 1860 ille
2854 1801 3067 1864 tenuis
3122 1822 3263 1869 ora-

277 1907 424 1976 tor,
475 1894 676 1959 modo
727 1890 802 1958 fit
854 1893 1132 1982 elegans
1175 1946 1194 1978 ‚
1249 1914 1369 1961 nec
1423 1899 1492 1961 in
1549 1892 1872 1962 faciendis
1923 1891 2138 1960 verbis
2187 1893 2312 1959 erit
2365 1890 2583 1960 audax
2628 1946 2647 1979 ‚
2715 1897 2784 1963 &
2844 1897 2909 1961 in
2984 1900 3264 1968 transfe-

276 1992 498 2061 rendis
554 1992 966 2061 verecundus
1004 2044 1024 2078 ‚
1093 1996 1163 2063 &
1195 2008 1459 2082 ‘parcus
1512 1997 1579 2061 in
1631 1995 1854 2083 priscis
1893 2046 1911 2076 ,
1987 1991 2381 2082 reliquisque
2430 1996 2840 2063 ornamentis
2912 1999 2981 2066 &
3046 1998 3268 2068 verbo-

276 2113 469 2179 rum,
521 2097 592 2165 &
652 2092 1119 2162 sententiatum
1169 2095 1497 2164 demiffior
1538 2120 1556 2161 z
1609 2094 2039 2163 translatione
2091 2093 2347 2162 fortasse
2397 2094 2645 2163 crebior
2690 2151 2709 2181 ,
2778 2118 2910 2187 qua
2968 2098 3287 2187 frequen„

276 2195 511 2261 tiffime
568 2192 782 2262 sermo
833 2198 1052 2285 ornnls
1104 2198 1314 2264 utitur
1369 2219 1502 2265 non
1559 2198 1760 2265 modo
1808 2194 2219 2295 urbanorum
2263 2247 2283 2282 ,
2359 2194 2466 2261 sed
2536 2198 2736 2264 etiam
2798 2196 3191 2269 rusticorum
3246 2250 3263 2269 .

275 2295 612 2383 Siquidem
663 2295 756 2362 est
806 2318 1034 2365 eorum
1073 2352 1094 2383 ‚
1138 2320 1471 2384 gemmare
1524 2307 1746 2385 vites,
1783 2294 1966 2381 fitire
2017 2318 2207 2382 agros
2250 2348 2269 2381 ‚
2337 2298 2525 2365 laetas
2597 2293 2711 2382 effe
2764 2298 3011 2386 figeres
3082 2300 3267 2369 luxu-

277 2396 440 2483 riosa
481 2402 860 2485 frumenta.
915 2388 1100 2483 Nih'll
1159 2401 1399 2469 horum
1450 2422 1688 2489 parum
1739 2398 2089 2483 audaner,
2141 2396 2248 2463 sed
2301 2414 2415 2465 aut
2472 2398 2680 2466 fimile
2728 2400 2819 2467 est
2871 2400 3031 2487 illi,
3081 2402 3269 2469 unde

274 2497 671 2566 transferas:
703 2514 882 2585 aut,
935 2502 982 2569 fi
1034 2522 1134 2569 res
1189 2502 1382 2572 suum
1435 2500 1710 2570 nullum
1745 2500 1936 2567 habet
1972 2518 2259 2583 nomen,
2313 2498 2582 2566 docendi
2634 2501 2828 2567 causa
2886 2502 3261 2590 sumptum,

273 2620 410 2665 non
463 2597 770 2684 ludendi,
821 2604 1126 2671 videtur.
1181 2608 1326 2673 Hoc
1385 2618 1774 2671 ornamento
1829 2601 2094 2669 liberius
2151 2600 2389 2685 paule,
2438 2620 2643 2690 quam
2694 2603 2980 2688 emeris,
3036 2622 3263 2670 utetur

271 2700 380 2767 hic
436 2698 860 2769 summissus:
931 2728 1049 2774 nec
1119 2724 1256 2775 tam
1329 2706 1597 2773 licenter
1651 2720 1872 2772 tamen
1915 2754 1934 2788 ‚
2007 2722 2211 2791 quam
2263 2699 2308 2766 fi
2362 2718 2598 2788 genere
2648 2700 2911 2771 dicendi
2962 2721 3261 2773 uteretur

271 2802 704 2887 ampliffimO.

376 2904 591 2968 XXV.
649 2898 878 2995 Itaque
932 2906 1100 2973 illud
1154 2906 1538 2976 indecorum
1592 2914 1618 2993 (
1677 2906 1854 2996 quod
1911 2904 2106 2994 quale
2166 2902 2284 2987 fit,
2334 2923 2415 2969 ex
2468 2901 2705 2971 decoro
2754 2904 2943 2972 debet
3014 2906 3259 2975 intelli-

272 3004 340 3090 gi
400 3014 424 3087 )
478 3002 586 3069 hic
636 3024 896 3094 quoque
949 3022 1252 3095 apparet,
1302 3030 1458 3075 cum
1515 3005 1790 3073 verbum
1847 3005 2110 3094 aliquod
2162 3003 2356 3070 altius
2409 3006 2803 3075 transfertur
2844 3060 2864 3093 ‚
2938 3006 3135 3097 idque
3185 3010 3255 3074 in

278 3104 578 3176 oratione
626 3106 865 3174 humili
919 3110 1224 3195 ponitur,
1271 3110 1448 3197 quod
1504 3108 1683 3174 idem
1739 3112 1806 3176 in
1861 3110 1990 3174 alia
2045 3106 2345 3175 deceret,

377 3206 582 3272 Illam
634 3223 856 3273 autem
909 3208 1424 3275 concinnitatem
1459 3263 1480 3294 ,
1551 3229 1698 3296 quae
1769 3207 2128 3276 verborum
2181 3208 2696 3276 collocationem
2766 3208 3103 3279 illuminat
3156 3209 3267 3277 his

277 3303 640 3372 luminibus
680 3356 701 3389 ,
769 3327 910 3391 quae
968 3306 1179 3371 Graeci
1254 3309 1436 3393 quast
1507 3309 1762 3394 aliquos
1829 3307 2046 3392 gestus
2115 3309 2433 3374 orationis
2501 3304 2791 3384 σχιίματκ
2846 3312 3179 3398 appellant
3238 3361 3255 3392 ‚

271 3419 306 3495 (
361 3403 537 3494 quod
589 3401 772 3471 idem
825 3404 1103 3471 verbum
1158 3399 1236 3466 ab
1285 3405 1386 3472 his
1441 3405 1643 3472 etiam
1694 3405 1762 3469 in
1822 3401 2288 3471 sententiarum
2340 3421 2730 3472 ornamenta
2780 3411 3173 3478 transfertur
3232 3421 3258 3498 2

3054 3507 3166 3572 ad·
3252 3530 3265 3544 ·

277 3633 3261 3758 m!

295 3749 3237 3784 ——---—-—---—-—----—-——————-——--—--—————-——--——--

295 3880 538 3928 natum,
582 3861 650 3918 fic
691 3862 974 3933 legendum
1012 3861 1140 3930 esse,
1170 3861 1383 3934 punctis
1419 3859 1590 3920 solum
1613 3883 1730 3922 mu-
1831 3884 1915 3923 ter
1965 3863 2218 3921 assentior
2256 3861 2513 3921 Lnrnbino
2588 3859 2788 3930 legenti
2831 3904 2847 3925 ,
2912 3880 3018 3920 aut
3070 3885 3255 3923 tram-

296 3935 458 3998 tatis,
501 3933 730 3992 censeo:
767 3955 948 3990 smum
986 3937 1168 3992 aderit
1207 3975 1223 4000 ,
1277 3935 1419 4010 quod
1494 3952 1728 3994 narrum
1825 3937 2016 4010 ‘latum
2053 3933 2397 4007 &sumptum
2434 3933 2663 3990 aliunde
2698 3937 2805 3990 &tc-
2838 3936 3009 4014 Quam
3045 3940 3265 4016 quidem

297 4024 561 4064 numerat
600 4007 996 4078 Theophrastus
1053 4011 1114 4062 in
1150 4011 1410 4065 orattonis
1457 3954 1727 4064 {nudibus
1835 4007 2124 4064 lestionem
2175 4005 2395 4062 firmant
2449 4022 2504 4059 ea
2534 4045 2553 4068 ‚
2606 4021 2725 4074 quae
2778 4004 2983 4063 Cicero
3019 4007 3151 4066 dicit
3194 4013 3263 4066 de

289 4093 560 4136 ornatum
599 4117 616 4144 ‚
668 4079 824 4134 illud
865 4075 1054 4145 sutwe
1087 4079 1158 4146 &s
1193 4077 1434 4154 affluens
1475 4119 1490 4134 .
1547 4079 1732 4136 Potius
1833 4080 1999 4138 Orat.
2039 4081 2156 4136 111.
2196 4085 2287 4151 38.-
2338 4086 2428 4134 Ha
2478 4073 2877 4133 translationes
2930 4079 3091 4153 quasi
3124 4101 3257 4136 mu-

285 4149 446 4206 enim
483 4150 698 4210 Cicero
739 4147 958 4205 videtur
1014 4149 1203 4207 dixille
1255 4166 1526 4226 quartum
1564 4167 1730 4206 orna-
1833 4153 2112 4206 tuationes
2138 4147 2314 4219 sunm
2354 4167 2481 4205 cum
2517 4148 2659 4222 quod
2682 4165 2787 4208 non
2805 4145 3045 4215 habeas,
3082 4152 3263 4208 alinu-

290 4240 454 4287 tum,
490 4241 644 4294 quam
683 4236 940 4277 ornatum
965 4217 1180 4290 suave.
1221 4226 1464 4280 I’carcxus
1486 4259 1503 4276 .
1839 4220 1906 4278 de
1943 4217 2139 4276 sumas.
2178 4221 2363 4277 Idem.

361 4301 490 4359 (a)
525 4297 738 4354 Sonat)
775 4293 954 4348 Lamb.
979 4289 1194 4362 sonant
1228 4331 1244 4348 .
1283 4332 1298 4348 .
1331 4333 1348 4349 .
1391 4293 1734 4364 explanant.
1913 4297 2087 4364 (43)
2122 4299 2251 4350 Am
2282 4291 2503 4362 fadum
2541 4289 2613 4346 ab
2666 4289 2773 4363 ipso
2796 4330 2815 4356 ,
2864 4309 2951 4348 aut
2988 4313 3195 4350 novum
3238 4302 3267 4362 )

360 4365 498 4431 (b)
535 4369 821 4427 Pastum)
861 4363 1038 4420 lamb.
1065 4363 1352 4436 sumptum
1371 4363 1634 4428 almnde,
1669 4378 1738 4418 ut
1839 4361 2098 4433 Disiungi
2137 4383 2251 4419 non
2290 4361 2487 4418 debere
2526 4362 2788 4419 videntur
2842 4380 2997 4420 voces
3042 4366 3265 4435 'fadum

293 4454 562 4494 mutuum
600 4457 615 4490 ε
767 4445 785 4474 ¹
1839 4437 1894 4489 δε
1935 4453 2176 4489 novum:
2216 4453 2333 4506 quae
2371 4432 2521 4488 enim
2548 4435 2711 4503 sacia
2730 4432 2964 4508 sttntqab
3000 4438 3103 4507 1·pr
3140 4437 3265 4494 ideo

363 4512 536 4579 (42.)
576 4512 704 4566 Aut
741 4505 1096 4565 translatum
1137 4546 1152 4568 ,
1187 4523 1278 4562 aut
1314 4503 1504 4562 fufium
1543 4503 1742 4559 aliun-
1813 4499 1969 4559 -sunt
2005 4523 2189 4558 nova.
2228 4509 2345 4562 Nec
2383 4503 2541 4558 aliter
2580 4506 2788 4562 Cicero
2839 4504 2905 4561 de
2944 4507 3107 4566 Orat.
3147 4513 3266 4568 III.

281 4580 350 4638 de
377 4621 392 4646 ‚
432 4596 499 4637 ut
521 4584 768 4642 mutuo)
808 4575 1063 4650 Suspicor
1103 4575 1252 4634 illam
1293 4581 1492 4634 vocem'
1514 4575 1741 4648 fastum
1851 4583 1931 4644 38.
1971 4583 2272 4631 Novantur
2320 4575 2491 4630 verba
2544 4594 2655 4648 qua
2696 4577 2766 4632 ab
2802 4597 2857 4632 eo
2888 4618 2903 4640 ,
2956 4583 3055 4652 qm*
3090 4581 3265 4645 dmm

289 4669 472 4710 natam
509 4649 610 4708 enz-
653 4668 717 4705 ex
763 4648 1243 4736 sequentibus-‚Qu
1283 4647 1470 4728 quibus
1502 4645 1742 4774 οαέπτὶι

289 4721 917 4874 ἶέἒὲίῖῗὶἶῖᾱΐξέζὲ
926 4759 968 4848 fs
996 4724 1744 4864 353332512323211‘2235252

287 4867 534 4992 eaqffussde
581 4931 816 5006 sumpta
908 4933 1054 4990 otius
1087 4973 1104 4999 ,
1147 4934 1236 4992 vel
1273 4937 1477 5001 duna,
1514 4933 1615 4990 esse
1654 4931 1741 4990 dl-

293 5006 465 5064 cenda
506 5004 634 5061 sunt
674 5045 693 5058 .
751 5005 840 5062 Ad
880 5021 911 5058 e
948 5044 966 5068 ‚
1003 5004 1150 5076 quod
1187 5025 1303 5065 non
1343 5005 1576 5064 diversae
1619 5003 1742 5060 sunt

287 5082 378 5138 re's
404 5117 424 5144 ,
459 5075 516 5134 id
536 5077 688 5148 quod
714 5075 939 5147 fabium
978 5073 1092 5132 five
1117 5075 1404 5151 sumptum
1440 5077 1508 5135 sit
1544 5077 1736 5133 aliun-

287 5151 407 5218 des
451 5154 508 5208 δε
548 5147 607 5208 id
623 5147 770 5221 quod
806 5148 1161 5206 translatum
1199 5149 1301 5210 fit.
1339 5149 1518 5211 Unde
1555 5149 1734 5208 libra—

514 4863 632 4922 haec
690 4860 758 4919 de
807 4863 1002 4936 quibus
1039 4865 1248 4922 Cicero
1278 4868 1388 4934 jam
1445 4864 1683 4935 loquitur
1731 4901 1746 4924 ,

1845 4651 1864 4700 s·
1890 4643 1953 4716 so
1976 4649 2375 4715 gignunturac
2400 4643 2586 4712 fiunt,
2624 4648 2719 4703 vel
2732 4650 3124 4718 conjungendis
3141 4671 3268 4708 ver-

1880 4737 1928 4772 n
1968 4757 1982 4772 .
2021 4756 2037 4771 .
2074 4756 2091 4772 .
2131 4759 2146 4774 .
2198 4717 2294 4774 vel
2316 4715 2437 4790 fine
2472 4724 2841 4786 conjnnffione
2878 4759 2893 4774 .
2947 4724 3060 4780 Aut
3099 4719 3265 4792 igitur

1803 4789 2078 4859 degamus
2127 4807 2245 4846 cum
2297 4787 2557 4847 lambino
2606 4805 2675 4846 ut
2711 4811 2919 4848 novum
2966 4831 2983 4856 ,
3030 4812 3117 4850 aut
3166 4801 3268 4858 (ut

1844 4879 1944 4938 ego
1977 4859 2193 4988 'nium’
2232 4859 2325 4941 62
2356 4879 2564 4986 miv-um
2610 4901 2623 4918 .
2649 4861 2921 4944 ‚Utrovis
2959 4863 3133 4988 ‘modio
3181 4881 3270 4919 re-

1843 4935 1976 5060 32:¹5
2007 4953 2125 5061 Mis.
2139 4931 2693 5088 ¹332²r¹1²3³qu5325323
2721 4932 3273 5069 ’123ff⁹¹{¹2hs}b05‘¹2¹22

1841 5075 2064 5149 fabium
2103 5075 2177 5135 ab
2212 5075 2317 5150 rplb
2353 5097 2559 5137 novum
2590 5117 2606 5132 .
2627 5077 2781 5137 Idem
2801 5114 2818 5131 .
