4359 6321
985 434 2357 541 oniArontssvr.
2921 457 3107 579 369

344 560 590 639 XCVI.
641 560 834 633 Tum
903 560 1160 631 Brutus
1193 614 1218 649 ,
1286 585 1420 655 ego
1492 584 1716 652 vero,
1789 561 2010 653 inquit
2041 618 2066 653 ,
2137 569 2211 639 δι’.
2285 566 2399 635 ista
2443 618 2465 655 ,
2530 587 2675 658 qua:
2744 566 2911 641 dicis
2946 624 2970 659 ,
3040 570 3237 643 video

249 668 470 762 qualia
520 664 646 735 sint
682 716 707 751 ,
760 664 833 734 δι
881 664 1331 733 ‚Hortensium
1378 684 1714 755 magnum
1759 678 2102 736 oratorem
2155 666 2409 757 semper
2461 670 2751 759 putavi,
2814 672 3243 761 maximeque

246 768 519 862 probavi
559 788 692 857 pro
739 762 1010 833 Messala
1059 764 1449 855 dieentem3
1493 786 1656 835 cum
1703 776 1777 835 tu
1833 763 2097 835 abfuisti
2119 814 2154 860 .·
2236 770 2341 837 Sic
2386 770 2619 841 ferunt
2654 820 2685 855 ,
2750 772 3033 865 inquam
3066 824 3091 859 ,
3142 773 3239 840 id-

247 890 380 962 que
425 868 724 939 declarat
771 860 1050 940 totidem
1085 916 1111 953 ,
1159 881 1324 957 quot
1373 864 1542 933 dixit
1573 918 1606 955 ,
1657 878 1684 957 (
1729 879 1818 965 ⁶ut
1867 864 2058 944 aiunt
2091 860 2143 949 ‘9
2199 865 2429 957 scripta
2481 869 2695 941 verbis
2746 874 2990 943 oratio..
3044 875 3232 965 Ergo
3302 956 3307 961 ¹

251 971 370 1041 ille
407 989 462 1037 ιο,
507 966 738 1041 craffo
785 962 1058 1035 consule
1107 966 1182 1037 δι
1234 964 1528 1035 Scaevda
1577 966 1786 1061 usque
1831 964 1920 1037 ad
1969 967 2263 1039 Paulum
2316 970 2389 1039 δι
2444 972 2849 1044 Marcellum
2918 972 3227 1043 consules

255 1070 524 1147 floruitss
577 1089 698 1139 nos
750 1067 820 1135 in
869 1066 1109 1137 eodem
1157 1068 1358 1138 cursu
1409 1066 1662 1136 fiximus
1715 1088 1755 1137 a
1802 1065 1990 1153 sylla
2037 1064 2353 1139 diEtatore
2388 1070 2486 1135 ad
2558 1068 2827 1142 comem
2876 1073 3018 1145 fere
3064 1096 3229 1145 cou-

251 1170 462 1243 sulee.
511 1171 619 1241 Sic
673 1173 772 1257 Q
814 1167 1150 1240 Hortenfii
1207 1189 1342 1239 vox
1387 1167 1684 1239 extinSta
1735 1166 1876 1237 fato
1927 1166 2045 1238 suo
2089 1169 2229 1255 est,
2278 1168 2495 1237 nostra
2544 1166 2810 1257 publico
2834 1220 2853 1241 .

351 1272 647 1358 MeliuS,
693 1269 950 1363 quaeso,
995 1274 1294 1340 ominare
1334 1322 1355 1357 ,
1403 1268 1620 1363 inquit
1671 1274 1978 1341 Brutus..
2051 1269 2148 1336 Sit
2200 1267 2355 1339 sane
2418 1286 2497 1343 ut
2548 1272 2699 1358 vis,
2766 1274 3103 1367 inqnam5
3156 1275 3232 1345 δε

249 1376 324 1445 id
364 1394 510 1441 non
561 1388 702 1441 tam
750 1390 898 1441 mea
949 1371 1144 1441 causa
1177 1424 1206 1460 ,
1253 1392 1460 1462 quam
1509 1390 1626 1441 tua
1661 1396 1683 1439 ε
1767 1367 1876 1440 fied
1944 1367 2323 1443 fortunatus
2372 1368 2555 1440 illius
2620 1372 2848 1443 exitus
2888 1423 2914 1461 ,
2976 1374 3094 1463 qui
3125 1394 3239 1443 τι

257 1496 390 1545 non
448 1471 610 1541 vidit
659 1492 818 1542 cum
871 1470 1112 1549 fierent
1149 1526 1173 1561 ,
1241 1494 1386 1564 quae
1456 1472 1738 1562 providit
1789 1471 2018 1539 futura
2055 1516 2074 1539 .
2151 1474 2330 1561 Saepe
2379 1473 2553 1543 inter
2598 1492 2723 1543 nos
2772 1473 3233 1563 impendentes

257 1572 448 1646 casus
493 1570 893 1643 deflevimus
923 1626 950 1664 ,
1013 1596 1178 1647 cum
1227 1572 1388 1643 belli
1422 1575 1656 1645 civilia
1720 1570 1951 1644 causas
2001 1572 2072 1640 in
2121 1572 2546 1659 privatorum
2594 1572 3063 1659 cupiditatibus
3120 1576 3235 1641 iu·-

255 1672 478 1746 clusas
499 1726 522 1761 ,
569 1676 750 1766 pacis
801 1674 979 1767 spem
1029 1697 1069 1746 a
1120 1674 1382 1769 publico
1415 1676 1707 1746 consi-lio
1751 1675 1874 1745 effe
1927 1669 2276 1745 exclusam
2330 1670 2754 1743 videremus..
2816 1672 2963 1743 sed
3026 1672 3241 1745 illum

259 1776 524 1847 videtur
583 1776 868 1847 felicitae
920 1780 1114 1868 ipfius
1144 1830 1165 1863 ,
1213 1798 1344 1868 qua
1399 1778 1650 1868 semper
1693 1776 1790 1847 est
1841 1774 1998 1847 usus
2037 1826 2062 1866 ,
2129 1770 2215 1845 ab
2275 1772 2372 1847 eis
2420 1771 2757 1862 miseriis,
2824 1794 2971 1866 (με
3016 1771 3243 1845 conse-

259 1893 427 1949 cutoe
482 1874 674 1965 sunt,
731 1897 946 1947 morte
1005 1876 1462 1947 vindicaviffe.

361 1981 511 2045 Nos
567 1996 832 2065 autem,
877 1982 1082 2047 Brute
1102 2030 1128 2065 ,
1175 1978 1490 2070 quoniam
1539 1979 1676 2069 post
1727 1977 2106 2065 Hortensii,
2170 1974 2503 2048 clariffimi
2554 1975 2839 2047 oratoris
2870 2024 2903 2063 ,
2951 1991 3246 2049 mortem

263 2078 432 2149 orbae
480 2079 859 2170 eloquentiae
911 2078 1092 2171 quasi
1143 2094 1390 2149 tutores
1452 2080 1658 2149 relisti
1712 2080 1980 2169 sumus,
2031 2078 2211 2149 domi
2261 2094 2601 2147 teneamus
2650 2096 2803 2145 eam
2854 2075 3105 2166 septam
3158 2079 3242 2147 li-

263 2178 467 2251 berall
515 2182 846 2251 custodia:-
900 2184 971 2255 &
1026 2182 1150 2253 hos
1189 2184 1461 2273 'ig-notos
1517 2197 1715 2273 atque
1763 2180 2183 2271 impudentes
2228 2198 2459 2270 procos
2510 2176 2939 2269 repudiemus
2980 2229 3002 2267 ,
3047 2192 3234 2247 tuea-

263 2301 584 2372 murque,
617 2298 710 2353 .ut
761 2281 1060 2357 adultam
1111 2285 1484 2375 virginem,
1533 2282 1746 2369 caste,
1793 2285 1866 2355 ἂ.
1923 2282 2004 2351 ab
2052 2286 2198 2373 (⁴¹)
2248 2296 2636 2351 amatorum
2687 2280 2975 2369 impetu,
3024 2300 3235 2370 quan·

259 2400 411 2455 tum
458 2385 790 2473 poffumus
820 2436 844 2475 ,
893 2382 1393 2476 prohibeamus.
1445 2384 1772 2476 Equidem
1807 2436 1828 2471 ,
1895 2382 2016 2455 etsi
2063 2384 2259 2453 doleo
2308 2400 2419 2449 me
2480 2381 2555 2449 in
2614 2382 2823 2450 vitam
2894 2381 3093 2469 paulo
3142 2376 3241 2447 se-

261 2486 450 2574 riuS,
497 2502 822 2579 tanquam
869 2488 942 2557 in
998 2488 1180 2557 viam
1221 2540 1244 2575 ,
1287 2486 1686 2577 ingreffum,
1736 2484 2124 2577 priusquam
2171 2480 2557 2555 confestum
2594 2483 2727 2551 ‘iter
2767 2482 2887 2567 fit,
2936 2481 3011 2547 in
3062 2479 3239 2551 hane

261 2582 636 2676 reipublice
684 2588 948 2659 noitem
993 2588 1294 2660 -incidiffe
1332 2612 1350 2656 ε
1403 2604 1630 2657 tamen
1681 2606 1760 2656 ea
1807 2587 2255 2656 consolatione
2298 2580 2629 2653 sustentor
2648 2635 2671 2669 ,
2722 2598 2929 2672 quam
2974 2595 3055 2647 tu
3108 2582 3234 2649 mi·-

257 2688 374 2773 hi,
418 2690 633 2758 Brute
659 2742 694 2777 „
745 2688 1095 2759 adhibuisti
1147 2692 1278 2759 tuis
1323 2688 1708 2759 suaviffimis
1759 2686 1968 2757 literis
2003 2715 2028 2777 ς
2099 2684 2335 2779 quibus
2408 2702 2517 2751 me
2585 2682 2745 2752 sorti
2820 2682 3047 2749 animo
3118 2682 3241 2751 effe

263 2802 556 2877 oportere
605 2790 957 2876 censebas,
1007 2789 1190 2883 quod
1239 2812 1314 2859 ea
1366 2786 1682 2880 geffiffem
1704 2840 1726 2875 ,
1777 2810 1919 2880 quae
1967 2788 2048 2859 de
2097 2810 2209 2861 me
2222 2840 2252 2875 ‚,
2294 2786 2501 2855 etiam
2552 2805 2663 2853 me
2714 2798 2971 2853 tacente
3025 2835 3046 2867 ,
3099 2779 3236 2871 ipsa

263 2888 692 2979 loquerentur
723 2943 748 2978 ,
795 2905 1191 2983 mortuoque
1245 2890 1544 2961 viverent
1579 2938 1596 2959 .
1665 2894 1830 2975 Qu:
1873 2942 1896 2977 ,
1947 2888 1995 2959 si
2043 2889 2221 2959 redte
2264 2888 2419 2957 effer
2450 2936 2480 2974 ‚,
2549 2884 2755 2955 salute
2796 2882 3170 2975 -reipublicae
3218 2908 3245 2973 5

263 2988 364 3063 fin
418 2990 603 3061 secus
631 3042 662 3078 .,
697 2992 981 3063 'interitu
1031 2991 1173 3083 ipso
1211 3044 1237 3083 ,
1275 2992 1742 3064 *testimonium
1786 3012 2098 3063 meorum
2146 2988 2233 3063 de
2280 2984 2609 3080 republica
2660 2986 3093 3057 consiliorum
3132 2982 3249 3053 da·

265 3106 456 3164 rent.

369 3191 654 3258 xcvn.
709 3187 832 3256 Sed
881 3191 952 3258 in
1004 3206 1068 3260 te
1123 3190 1390 3259 intuens
1427 3241 1450 3276 ,
1501 3195 1752 3276 Brute,
1797 3190 1994 3260 doleo
2029 3217 2058 3279 ς
2129 3191 2325 3270 cuius
2374 3191 2443 3257 in
2494 3187 3007 3258 adolescentiam
3042 3239 3065 3274 ,
3128 3207 3247 3275 per

265 3288 524 3364 medias
572 3286 804 3356 laudes
851 3290 1034 3382 quafi
1086 3289 1426 3381 quadrigis
1477 3290 1832 3359 vehentem
1869 3342 1891 3377 ,
1939 3287 2310 3360 transversa
2362 3290 2639 3359 incurrit
2688 3287 2933 3354 misera
2984 3285 3250 3358 fortuna

266 3389 676 3481 reipublicae.
728 3391 864 3460 Hic
917 3411 1030 3461 me
1078 3390 1264 3460 dolor
1312 3391 1579 3481 tangit,
1622 3391 1762 3460 haec
1813 3412 1926 3460 me
1978 3411 2136 3460 cura
2192 3387 2546 3477 sollicitat,
2594 3391 2665 3461 δι
2714 3385 2901 3456 hunc
2952 3404 3250 3472 mecum,

271 3492 528 3564 socium
579 3489 876 3572 ejusdem
947 3493 1020 3564 δε
1077 3495 1330 3563 amoris
1399 3495 1470 3564 δε
1527 3489 1755 3572 judicii
1779 3539 1812 3560 ..
1883 3488 2038 3559 Tibi
2090 3489 2396 3560 favemus
2440 3539 2463 3576 ‚
2536 3506 2603 3559 te
2654 3507 2775 3558 tua
2823 3483 2955 3556 frui
3006 3485 3253 3554 virtute

267 3596 581 3684 cupimus
610 3617 634 3660 ι
683 3591 796 3662 tibi
847 3611 1152 3686 optamus
1201 3612 1350 3664 eam
1421 3591 1904 3683 rempublicam
1945 3642 1968 3679 ,
2023 3593 2104 3661 in
2169 3611 2305 3683 qua
2354 3591 2650 3662 duorum
2716 3607 3039 3680 generum
3106 3606 3253 3654 am-

269 3695 709 3789 pliffimorum
761 3713 1084 3765 renovare
1135 3696 1574 3781 memoriam,
1627 3709 1842 3785 atque·
1872 3712 2120 3785 augere
2171 3691 2361 3782 poflis
2396 3741 2415 3761 .
2464 3694 2701 3762 Tuum
2748 3689 2929 3759 enim
2982 3687 3255 3774 forum,

270 3813 472 3868 tuum
521 3810 664 3864 erat
711 3795 878 3864 illud
925 3795 1382 3866 curriculum.-
1438 3812 1513 3866 tu
1565 3794 1726 3864 illuc
1779 3813 2052 3864 veneras
2105 3815 2279 3862 unus
2319 3847 2342 3881 ,
2390 3793 2506 3884 qui
2556 3813 2691 3862 non
2748 3793 3053 3880 linguam
3108 3809 3249 3858 mo-

269 3899 368 3969 do
413 3897 684 3966 acuisses
728 3897 1205 3968 exercitatione
1255 3897 1581 3984 dicendi,
1645 3894 1762 3966 sed
1818 3896 1891 3967 δε
1949 3893 2164 3987 ipsam
2202 3895 2662 3986 eloquentiam
2722 3891 3249 3980 locupletaviss‘es

277 4001 675 4094 graviorum
725 4000 968 4069 artium
1015 3999 1498 4086 instrumento,
1553 3997 1625 4067 δε
1683 3994 1916 4066 iisdem
1967 3993 2213 4066 artibus
2262 3993 2460 4065 decue
2516 4013 2718 4063 omne
2767 3992 3036 4064 virtuti-s
3084 4013 3249 4062 cum

276 4101 546 4174 summa
587 4101 973 4192 eloquentiae
1022 4100 1222 4172 laude
1257 4092 1603 4182 iunxisseS
1645 4147 1662 4166 .
1737 4101 1842 4166 Ex
1910 4114 1980 4168 te
2045 4093 2293 4187 duplex
2354 4116 2483 4165 nos
2554 4094 2751 4165 afficit
2828 4091 3196 4163 sollicitudo
3226 4145 3255 4182 ,

283 4201 464 4296 quod
516 4205 589 4274 dr
643 4202 779 4293 ipse
827 4202 1166 4293 republica
1214 4221 1490 4290 careas,
1538 4200 1611 4271 δε
1665 4200 1787 4269 illa
1835 4216 1938 4268 te,
1989 4199 2105 4268 Tu
2155 4213 2379 4268 tamen
2434 4208 2463 4286 (
2502 4195 2625 4266 etsi
2676 4193 2951 4266 cursum
2999 4195 3253 4287 ingenii

281 4306 420 4393 tui,
471 4306 720 4391 Brute,
767 4305 1005 4393 premit
1051 4303 1190 4374 haec
1243 4302 1622 4393 importuna
1675 4300 1900 4370 clades
1947 4299 2235 4368 civitatis
2291 4309 2319 4390 )
2386 4299 2650 4374 contine
2719 4314 2783 4366 te
2835 4297 2905 4366 in
2958 4296 3089 4366 tuis
3144 4317 3255 4388 pe·

277 4403 594 4476 rennibus
639 4404 869 4474 studiis
912 4458 935 4493 ,
983 4405 1056 4478 δε
1112 4403 1340 4494 effice,
1391 4403 1458 4472 id
1486 4455 1512 4493 ,
1578 4399 1756 4492 quod
1815 4401 1968 4481 ‘iarn
2015 4396 2491 4489 propemodum
2532 4449 2555 4486 ,
2621 4397 2729 4469 vei
2784 4397 2980 4486 plane
3034 4403 3255 4488 potius

278 4507 651 4595 effeceras,
702 4524 780 4575 ut
829 4522 894 4575 te
941 4504 1177 4596 eripias
1230 4527 1316 4575 ex
1368 4525 1444 4576 ea
1463 4560 1484 4595 ,
1540 4511 1744 4594 quam
1767 4521 1920 4594 ego
1967 4497 2251 4597 congesti
2300 4501 2377 4567 -in
2426 4499 2605 4571 hunc
2658 4499 3025 4568 sermonem
3049 4553 3069 4586 ,
3118 4513 3255 4567 tur-

285 4607 370 4678 ba
414 4623 854 4700 patronorum
889 4654 908 4675 .
958 4611 1101 4678 Nec
1150 4610 1334 4680 enim
1381 4605 1563 4680 decet
1604 4621 1680 4676 re
1707 4660 1740 4697 .,
1785 4617 2098 4676 ornatum
2149 4597 2502 4670 uberrimis
2552 4599 2803 4674 artibus
2841 4653 2863 4690 ,
2910 4621 3255 4770 quatiat-im

486 4713 664 4775 Tem.
713 4715 772 4775 l.
2153 4707 2219 4774 A
2242 4723 2280 4770 a
2306 4722 2343 4772 a

341 5043 484 5114 4⁴¹.)
507 5047 866 5118 „immam
897 5047 928 5114 )
961 5044 1110 5108 Vi&-
1145 5045 1299 5110 Man.
1333 5047 1504 5112 Grut-
1537 5061 1930 5110 armatorum„
