4359 6321
845 548 1494 647 LIBER·
1584 552 2685 646 SECUNDUS.
2961 588 3217 683 155-

263 674 546 747 tionem
593 688 730 747 non
776 666 1058 756 habent,
1109 671 1352 761 inepti,
1409 670 1570 739 ficut
1619 668 1856 739 debent
1911 671 2112 739 videri
2135 700 2161 760 ,ἡ
2216 694 2383 741 num
2433 677 2705 745 tandem
2758 687 2872 741 aut
2913 678 3100 749 locus
3154 680 3264 751 hic

255 798 414 845 non
470 765 742 841 idoneus
792 770 1095 857 videtur,
1145 773 1215 837 in
1266 791 1400 861 quo
1451 774 1735 861 porticus
1785 774 1926 842 haec
1981 773 2116 862 ipsa
2151 826 2174 861 ,
2222 772 2331 846 ubi
2383 776 2877 845 inambulamus
2931 832 2952 864 ,
3024 784 3091 848 &
3153 802 3260 869 pa-

249 874 482 943 loestra
523 928 544 961 ,
619 876 691 945 &
749 887 846 939 tot
897 870 1056 943 locis
1109 871 1406 943 seffiones
1445 926 1466 960 ,
1533 877 2042 963 gymnasiorum
2083 930 2103 962 ,
2177 878 2247 943 ὅ(
2306 881 2689 948 Graecarum
2740 866 3257 969 disputationum

241 976 676 1045 memoriam
729 975 1018 1065 quodam
1089 974 1286 1043 modo
1336 978 1828 1044 commovent?
1899 996 2012 1047 aut
2085 980 2535 1063 importunum
2609 999 2869 1071 ternpus
2946 985 3010 1049 in
3066 998 3258 1051 tanto

237 1080 398 1150 otio
437 1131 464 1165 ,
507 1074 685 1167 quod
736 1078 808 1147 &
865 1098 1019 1145 raro
1065 1076 1258 1145 datur
1291 1130 1315 1163 ,
1369 1080 1438 1151 ἃ
1495 1102 1678 1148 nunc
1733 1097 2068 1169 peroptato
2121 1077 2311 1149 nobis
2360 1081 2595 1149 datum
2644 1082 2737 1151 est
2788 1086 2813 1151 2
2873 1102 2987 1177 aut
3038 1085 3254 1153 homi-

233 1202 378 1249 nes
443 1177 526 1247 ab
573 1178 702 1247 hoc
753 1200 994 1271 genere
1041 1178 1496 1269 disputationis
1545 1182 1804 1268 alieni,
1871 1185 1986 1271 qui
2050 1200 2282 1249 omnes
2330 1179 2398 1249 hi
2452 1182 2682 1257 sumus
2722 1236 2741 1271 ,
2816 1202 2889 1253 ut
2964 1186 3097 1255 fine
3146 1186 3251 1257 his

231 1280 492 1351 :studiis
541 1284 748 1350 vitam
799 1283 1059 1351 nullam
1109 1282 1233 1349 effe
1272 1283 1632 1351 dicamus?

349 1386 614 1455 Omnia
663 1384 780 1453 ista
813 1439 836 1471 ‚
887 1384 1100 1474 inquit
1151 1385 1412 1453 Crassus
1465 1438 1486 1469 ‚
1532 1398 1662 1473 ego
1715 1384 1846 1451 alio
1885 1384 2569 1473 -modotinterpretor,
2621 1384 2735 1479 qui
2788 1384 3081 1475 primum
3131 1409 3244 1476 pa..

209 1482 543 1558 -laestram
582 1541 607 1574 ‚
655 1489 729 1558 ὃ(
788 1487 1016 1571 sedes,
1067 1486 1137 1557 &
1195 1486 1486 1579 porticus
1530 1537 1551 1571 ,
1602 1487 1802 1555 etiarn
1853 1486 2068 1576 ipsos,
2113 1489 2396 1572 Catule,
2450 1491 2712 1556 Graecos
2750 1540 2773 1573 ,
2826 1488 3241 1555 exercitatio,

227 1589 352 1655 nis
413 1594 482 1657 ὃ(
543 1587 992 1656 delectationis
1041 1593 1240 1659 causa
1279 1644 1298 1677 ,
1349 1612 1484 1659 non
1542 1586 2002 1677 disputationis
2045 1590 2355 1665 invenisse
2408 1586 2724 1677 arbitror.
2782 1592 2960 1657 Nam
3014 1591 3085 1659 &
3146 1584 3242 1682 se·-

225 1689 434 1757 culis
484 1688 712 1759 multis
777 1708 930 1761 ante
975 1693 1326 1781 gymnasia
1397 1694 1674 1763 inventa
1725 1690 1878 1759 sunt
1912 1743 1932 1777 ,
2000 1714 2205 1783 quam
2272 1695 2343 1759 in
2398 1692 2499 1757 his
2552 1688 2911 1777 philosophi
2982 1692 3239 1783 garrire

223 1809 658 1882 coeperunt3
713 1796 783 1865 δε
837 1795 964 1862 hcc
1018 1793 1157 1883 ipso
1209 1814 1510 1883 tempore
1547 1844 1572 1878 ,
1617 1816 1775 1866 cum
1828 1799 2054 1861 omnia
2106 1791 2456 1884 gymnasia
2508 1788 2871 1879 philosophi
2926 1810 3235 1883 teneant,

224 1910 474 1959 tamen
523 1916 752 1961 eorum
805 1896 1132 1965 auditores
1203 1909 1351 1985 (ς)
1402 1896 1652 1961 discum
1705 1896 1934 1965 audire
1973 1950 1994 1983 ,
2066 1917 2267 1986 quam
2320 1892 2781 1984 philosophum
2818 1946 2838 1978 ,
2898 1894 3161 1961 malunt
3199 1918 3229 1957 .-

226 1991 363 2081 qui
423 1992 620 2057 simul
670 2008 744 2061 ut
797 1997 1117 2077 increpuit
1161 2004 1188 2076 ‚'
1229 1998 1295 2059 in
1349 1997 1559 2060 media
1613 1998 1910 2065 oratione
1959 1999 2042 2063 de
2097 1999 2413 2065 maximis
2467 1992 2655 2061 rebus
2711 1998 2781 2064 &
2837 1994 3231 2083 graviffimis

221 2089 698 2177 disputantem
751 2092 1220 2180 Philosophum
1275 2114 1505 2159 omnes
1557 2095 1886 2165 unctionis
1937 2097 2132 2171 causa
2184 2098 2572 2184 relinquunt
2616 2142 2633 2159 .
2686 2101 2787 2161 Ita
2836 2097 3227 2167 levissimam

198 2188 744 2258 ,delec‘rationem
792 2192 1228 2280 ,graviflimass
1277 2210 1350 2260 ut
1397 2192 1510 2279 ipsi
1565 2192 1834 2279 ferunt,
1887 2196 2160 2261 utilitati
2218 2211 2655 2282 anteponunt.
2712 2196 2945 2261 Otium
3001 2212 3227 2267 autem

219 2290 433 2378 quod·
471 2292 634 2360 dicis
684 2292 826 2359 esse
863 2345 886 2380 ‚
937 2292 1309 2361 assentior:
1381 2314 1620 2362 verum
1673 2294 1788 2361 otii
1837 2294 2097 2361 frustus
2150 2294 2240 2363 est
2282 2348 2302 2381 ‚
2375 2315 2509 2361 non
2562 2294 2897 2359 contentio
2940 2297 3149 2361 animi
3202 2346 3227 2381 ,

221 2391 342 2459 sed
405 2393 778 2460 relaxatio,
1113 2410 1120 2415 ·

333 2496 468 2561 VI.
537 2498 714 2581 Safpe
760 2514 846 2560 ex
903 2494 1132 2563 socero
1183 2508 1332 2560 meo
1404 2492 1680 2577 audivi,
1749 2515 1908 2561 cum
1976 2496 2030 2561 is
2097 2494 2343 2574 diceret
2382 2548 2401 2580 ,
2472 2494 2766 2563 socerum
2836 2490 3029 2561 suum
3082 2498 3221 2563 1„ae-

198 2594 398 2661 „lium
465 2593 710 2683 semper
763 2596 902 2661 fere
952 2618 1110 2663 cum
1163 2597 1460 2682 Scipione
1527 2593 1794 2663 solitum
1849 2595 2143 2663 rusticari
2190 2648 2211 2680 ,
2276 2597 2512 2683 eosque
2580 2590 3047 2663 incredibiliter
3118 2618 3220 2661 re-

204 2686 618 2783 puerascere
666 2696 808 2764 esse
858 2695 1125 2783 solitos,
1173 2718 1334 2766 cum
1387 2716 1500 2763 rus
1547 2717 1630 2761 ex
1670 2694 1868 2782 urbe,
1916 2715 2234 2786 tanquam
2272 2718 2309 2763 e
2350 2695 2683 2778 vinculis,
2730 2694 3211 2765 evolavissent.

193 2800 381 2863 Non
435 2797 658 2865 audeo
707 2798 920 2867 dicere
971 2800 1054 2867 de
1109 2798 1345 2865 talibus
1397 2798 1560 2865 viris
1593 2849 1614 2881 ‚
1685 2799 1792 2864 sed
1849 2816 2074 2865 tamen
2143 2800 2233 2865 ita
2307 2795 2467 2863 solet
2536 2815 2805 2863 narrare
2854 2796 3141 2863 Scaevola
3192 2850 3216 2882 ,

207 2898 518 2967 conchas
567 2920 719 2984 εοε,
768 2903 844 2967 &·
895 2908 1044 2990 (6)
1101 2898 1454 2967 umbilicos
1501 2901 1581 2965 ad
1635 2901 1934 2977 Caietam
1972 2952 1994 2986 ‚
2047 2902 2118 2971 &
2175 2898 2262 2965 ad
2314 2902 2727 2965 Laurentum
2780 2897 3000 2983 legere
3052 2919 3213 2964 con-

205 2997 482 3085 suesse,
535 3002 602 3069 δε
659 3000 742 3067 ad
793 3022 1064 3068 ornnem
1118 3002 1322 3069 animi
1375 2999 1805 3073 remiffionem
1859 3002 2229 3089 ludumque
2266 2998 2693 3067 descendere.
2750 2997 2851 3063 Sic
2902 2996 3085 3063 enim
3143 3001 3209 3063 ie

207 3120 322 3165 res
380 3100 577 3166 habet
617 3126 636 3165 ι
689 3117 803 3185 ut,
859 3104 1430 3190 quemadmodum
1483 3104 1786 3172 volucres
1841 3105 2143 3175 videmus
2195 3102 2657 3190 procreationis
2714 3116 2907 3188 atque
2958 3100 3207 3166 utilita-

207 3201 300 3264 tis
361 3202 492 3262 suae
545 3200 743 3263 causa
793 3201 1049 3286 fingere
1101 3208 1170 3272 δε
1227 3204 1600 3270 construere
1647 3204 1832 3272 nidos
1873 3231 1892 3291 ;
1943 3206 2204 3287 eastlem
2256 3220 2480 3282 autem
2519 3253 2541 3287 ‚
2590 3222 2747 3270 cum
2798 3199 3049 3288 aIIquid
3102 3201 3205 3268 ef-

209 3296 557 3378 fecerint,
605 3297 874 3362 levandi
927 3299 1170 3366 laboris
1223 3304 1318 3366 sui
1373 3303 1569 3368 causa
1604 3354 1624 3387 ,
1679 3306 1904 3389 paffim
1958 3325 2030 3372 ac
2085 3305 2287 3370 libere
2342 3303 2585 3385 solut'as
2636 3321 2831 3386 opere
2885 3301 3203 3368 volitare:

207 3395 308 3460 fic
365 3395 569 3460 nostri
619 3395 822 3460 animi
878 3397 1238 3467 forensibus
1267 3402 1578 3485 negotiis,
1634 3419 1831 3486 atque
1883 3403 2140 3476 urbano
2188 3418 2379 3486 opere
2426 3398 2701 3480 defessi,
2750 3398 3075 3482 gestiunt,
3126 3421 3203 3464 ac

205 3493 506 3560 volitare
557 3497 833 3584 cupiunt
872 3549 892 3582 ,
961 3501 1152 3567 vacui
1205 3519 1364 3565 cura
1433 3519 1508 3564 ac
1553 3497 1785 3564 labore
1821 3547 1837 3566 .
1911 3503 2144 3588 Itaque
2196 3499 2365 3564 illud
2410 3545 2429 3581 ,
2496 3496 2673 3584 quod
2727 3515 2855 3580 ego
2912 3505 3063 3584 (7)
3134 3499 3203 3564 in

201 3595 418 3663 causa
471 3599 770 3664 Curiana
813 3601 1116 3668 Scaevolae
1169 3599 1367 3684 dixi,
1419 3597 1574 3664 'non
1623 3599 1763 3665 dixi
1817 3597 1998 3668 secus
2069 3619 2144 3666 ac
2199 3593 2549 3662 sentiebam
2590 3645 2605 3661 .
2678 3597 2855 3660 Nam
2910 3593 2955 3659 fi
3013 3648 3034 3679 ,
3104 3597 3201 3662 in-

202 3717 468 3784 quam,
516 3700 808 3764 Scaevola
852 3753 871 3786 ,
925 3703 1196 3768 nullum
1248 3703 1371 3768 erit
1422 3699 1888 3769 testamentum
1935 3699 2108 3766 refte
2163 3698 2457 3781 fastum,
2510 3695 2629 3762 nifi
2684 3696 2854 3784 quod
2911 3711 2984 3760 tu
3040 3695 3198 3767 scri·

199 3796 424 3886 p1eris
466 3848 487 3881 ‚
556 3819 789 3865 omnes
859 3803 942 3866 ad
994 3818 1055 3868 te
1106 3804 1284 3868 cives
1337 3823 1499 3870 cum
1549 3800 1788 3869 tabulis
1837 3802 2176 3870 veniemus
2218 3826 2239 3887 3
2308 3797 2615 3866 omnium
2684 3793 3068 3862 testamenta
3118 3815 3195 3867 tu

201 3897 458 3964 scribes
531 3920 754 3964 unus.
831 3902 1006 3984 Quid
1056 3902 1324 3989 Igitur?
1397 3903 1725 3989 inquam:
1793 3902 2060 3991 quaudo
2131 3921 2287 3989 ages
2357 3899 2698 3984 negotium
2770 3893 3111 3983 publicum
3157 3901 3188 3964 .>

199 3995 479 4084 quando
531 3999 957 4066 amicorum?
1010 4001 1271 4090 quando
1321 4003 1582 4071 tuum?
1637 4004 1898 4088 quando
1945 4004 2230 4088 denique
2284 3997 2450 4065 nihil
2506 4001 2717 4086 ages?
2775 3999 2961 4064 Tum
3014 3997 3195 4070 illud

199 4099 492 4167 addidi:
565 4099 740 4164 Mihi
787 4103 968 4172 enim
1021 4101 1181 4170 liber
1229 4104 1366 4170 esse
1419 4121 1558 4170 non
1611 4103 1874 4176 videtur
1914 4155 1936 4188 ,
2004 4105 2118 4190 qui
2171 4121 2307 4168 non
2362 4097 2719 4188 aliquando
2771 4097 2935 4165 nihil
2991 4105 3128 4189 agit
3167 4148 3187 4168 .

2173 4207 2236 4269 V
2346 4225 2386 4266 2
3002 4205 3087 4270 In

221 4416 3171 4505 Μ

231 4578 399 4652 ,(ς)
435 4576 670 4658 ΒιῙεειζπ
707 4579 952 4660 audire)
989 4578 1296 4660 Discus-est
1331 4583 1500 4643 moles
1537 4586 1646 4644 fcr—
1817 4591 1942 4654 (6)
1981 4588 2320 4655 Umbs'licos)
2357 4585 2425 4649 Id
2460 4590 2537 4647 est
2571 4633 2587 4656 ,
2640 4589 2853 4661 lapillos
2892 4581 3180 4648 umbilico·-

191 4661 244 4698 Π
289 4651 377 4706 Vel
413 4649 665 4728 plumbh
707 4650 798 4707 vel
835 4671 998 4708 enam
1039 4651 1260 4732 lapi-dm,
1299 4675 1452 4727 quam
1481 4655 1645 4727 juve·
1745 4680 1866 4718 rum
1904 4661 2066 4719 instar
2105 4659 2363 4718 habentes
2391 4699 2411 4716 .
2460 4660 2851 4738 Quod-noster
2886 4661 2980 4722 hic
3021 4677 3181 4720 vocat

193 4734 290 4771 nes
341 4739 596 4800 certatim
648 4721 792 4800 ultra
825 4741 1022 4803 metam
1081 4723 1346 4804 aliquam,
1369 4734 1434 4785 ’δε
1473 4729 1642 4788 finem
1746 4732 1970 4790 conchas
2008 4729 2077 4800 ό·
2115 4733 2397 4790 umbilicos
2420 4775 2437 4800 ,
2470 4735 2595 4792 Val.
2632 4733 2893 4793 Maximus
2932 4735 3026 4791 lib.
3066 4754 3181 4792 nc.

192 4791 598 4854 tonst1tutum,
636 4793 767 4848 alius
802 4794 910 4873 alio
945 4794 1158 4867 longius
1184 4838 1202 4862 ,
1246 4799 1518 4870 projicere
1552 4824 1646 4860 co-
1745 4811 1798 4860 3.
1839 4824 1993 4861 vocat
2031 4803 2319 4863 conchulas
2354 4803 2423 4870 &0
2460 4807 2727 4864 calculos.
2768 4805 3045 4866 Pearcius.

193 4859 466 4938 nxz-bantur
491 4903 508 4917 .
547 4861 712 4931 Quod
751 4863 864 4938 ludi
893 4935 902 4943 ·
937 4886 1068 4924 enus
1104 4864 1382 4938 eleganter
1437 4871 1643 4932 descri—
1813 4879 1932 4944 (⁴¹)
1969 4881 2364 4941 Laurentum)
2402 4879 2553 4936 Man.
2585 4882 2921 4946 Lucrinum.

189 4929 303 5007 psit
343 4885 962 5012 HomerusOdyssAss.
983 4957 1046 4994 vr
1067 4959 1150 4998 ιι.
1179 4940 1408 5000 Discum
1425 4985 1444 5012 ,
1482 4965 1638 5016 quam
1813 4953 1890 5012 (7
1912 4954 1940 5012 )
1973 4957 2042 5004 ln
2079 4948 2251 5017 causa
2292 4955 2594 5016 Curiana)
2628 4953 2701 5010 In
2736 4947 2984 5006 oratione
3057 4963 3177 5023 uam

193 4997 608 5083 philosophum
632 5005 826 5085 ‘audire
861 5008 1058 5078 malle,
1091 5031 1208 5092 non
1245 5011 1361 5092 fine
1397 5033 1640 5086 prover·
1735 5014 1902 5076 habui
1942 5039 2050 5090 pro
2083 5021 2265 5078 Curio
2292 5061 2309 5085 ‚
2340 5027 2489 5092 cujus
2526 5019 2673 5079 causa
2710 5015 2950 5092 exposita
2985 5035 3015 5072 c
3098 5015 3177 5074 h,-

195 5073 272 5130 bu
311 5072 500 5145 specie
535 5074 740 5136 dicimr
773 5077 844 5137 de
879 5098 980 5147 eo,
1015 5099 1108 5154 qur
1145 5081 1220 5163 ad·
1247 5104 1456 5162 ineptas
1475 5087 1636 5146 volu·
1739 5089 1836 5150 bro
1873 5085 2185 5164 superiore,
2218 5109 2335 5164 cap.
2369 5116 2455 5171 39.
2492 5091 2667 5161 Prust.

184 5163 366 5231 'mares
385 5147 719 5222 propensior
735 5151 813 5212 est
837 5193 854 5220 ,
889 5171 1042 5224 quam
1059 5151 1126 5212 ad
1140 5156 1299 5214 utilia
1321 5195 1340 5214 .
1379 5157 1630 5230 Prusteus
