4359 6321
2745 8 2754 10 -
2777 6 2842 13 ·-
2867 8 2884 10 -
2923 6 3202 27 ”-ι.--“*“··*’-
3237 6 3323 27 ’ς’-’-
3349 6 4288 42 --Ἦ

1199 530 1383 621 160·
1873 514 2112 609 DE
2234 502 3257 617 oR-ATORE.

1068 648 1330 716 Crassus
1379 643 1448 708 in
1520 640 1703 709 illius
1773 637 2091 705 orationis
2159 630 2286 702 suae
2328 684 2349 716 ,
2412 620 2623 719 ”quam
2675 642 2872 719 (14)
2946 647 3183 699 contra
3254 628 3591 721 collegam
3658 628 3896 707 censor
3952 638 4063 711 ha.

1069 746 1214 813 buit
1267 800 1288 832 ‚
1341 744 1665 833 principio
1713 740 1919 826 dixit,
1967 744 2131 825 ,Quae
2190 734 2629 818 natur-asnar
2671 739 2943 825 fortuna
2998 734 3306 799 darentur
3364 732 3731 801 hominibus
3773 785 3793 819 ,
3852 748 3917 807 in
3976 752 4067 811 iis
4132 802 4155 825 ,

1073 848 1260 913 rebus
1302 844 1373 930 se
1427 852 1667 928 vinci,
1735 840 1897 929 poffe
1971 846 2185 905 animo
2237 854 2411 918 aequo
2461 845 2601 922 patr·
2645 863 2663 921 ;
2736 855 2873 919 quae
2952 830 3066 919 ipfi
3111 833 3237 913 fibi
3290 833 3579 933 Igomines
3650 850 3882 920 parare
3933 838 4065 931 pos.

1057 946 1202 1035 sent
1236 999 1257 1032 ‚
1299 955 1365 1011 in
1417 952 1508 1009 iis
1567 944 1754 1009 rebus
1797 941 1870 1028 se
1913 948 2056 1029 pati
2113 941 2290 1003 vinci
2346 955 2461 999 non
2510 932 2664 1022 poffe
2704 958 2726 993 .·
2802 936 2912 1022 qui
2968 930 3257 999 laudabit
3310 939 3691 1026 quempiam
3732 988 3751 1021 ‚
3826 940 4067 1015 intelli.

1071 1066 1181 1138 get
1221 1100 1242 1133 ‚
1291 1044 1676 1137 exponenda
1733 1042 1842 1109 fibi
1903 1052 2042 1127 (a)
2099 1038 2216 1105 effe
2270 1035 2549 1102 fortunae
2604 1036 2811 1101 bona.
2868 1038 2964 1099 Ea
3020 1033 3167 1099 sunt
3208 1086 3228 1117 ,
3297 1042 3560 1125 generis
3606 1092 3627 1127 ,
3700 1049 3989 1123 pecuniae
4042 1100 4062 1135 ‚

1071 1130 1631 1239 propinquorum,
1683 1146 2055 1211 amicorum
2095 1193 2113 1226 ,
2167 1160 2371 1228 opum
2410 1190 2431 1221 ‚
2504 1136 2895 1204 valetudinis
2944 1189 2964 1224 ‚
3035 1134 3305 1223 formae,
3381 1141 3628 1208 virium
3666 1194 3687 1226 ,
3740 1140 3992 1233 ingenii
4042 1202 4065 1239 ι

1071 1268 1592 1335 caeterarumque
1641 1266 1910 1327 rerum,
1959 1266 2102 1333 quae
2157 1240 2307 1306 sunt
2363 1254 2475 1305 aut
2526 1240 2822 1331 corporis
2864 1293 2883 1323 ‚
2940 1252 3053 1303 aut
3102 1252 3433 1308 extraneas
3474 1266 3496 1305 .·
3577 1245 3623 1310 fi
3677 1240 3983 1312 habuerit
4042 1300 4065 1336 ‚

1073 1350 1234 1421 bene
1284 1348 1386 1415 his
1442 1346 1637 1417 usum
1682 1374 1698 1412 ι
1754 1349 1797 1414 fi
1854 1367 1990 1411 non
2047 1344 2347 1409 habuerit
2390 1394 2411 1425 ‚
2461 1341 2609 1427 (b)
2665 1338 2979 1428 sapienter
3034 1342 3308 1407 caruisse
3350 1366 3371 1401 .·
3432 1342 3479 1409 fi
3532 1345 3867 1431 amiserit,
3918 1369 4061 1415 mo.

1070 1452 1290 1519 derate
1341 1448 1548 1515 tuliffe
1589 1498 1604 1515 .
1679 1446 1933 1513 Deinde
2021 1444 2176 1533 quid
2257 1442 2573 1529 sapienter
2627 1441 2681 1507 is
2726 1495 2745 1526 ‚
2816 1434 3018 1531 quein
3070 1443 3291 1507 laudet
3331 1498 3350 1530 ,
3420 1445 3575 1533 quid
3630 1444 3983 1514 liberaliter
4035 1504 4059 1537 ,

1071 1550 1226 1641 quid
1279 1550 1531 1615 fortiter
1577 1602 1598 1635 ‚
1648 1548 1804 1637 quid
1863 1544 2063 1629 juste,
2115 1545 2272 1636 quid
2323 1545 2721 1632 magnifice,
2777 1546 2931 1633 quid
2982 1544 3082 1632 pie
3123 1596 3140 1625 ,
3198 1543 3357 1631 quid
3413 1565 3601 1633 grate
3648 1601 3668 1633 ‚
3724 1550 3881 1636 quid
3938 1550 4061 1619 hu-

1069 1652 1408 1735 maniter,
1459 1651 1618 1737 quid
1675 1648 1956 1736 denique
2007 1668 2164 1713 cum
2216 1646 2439 1734 aliqua
2500 1645 2748 1712 virtute
2802 1664 2914 1715 aut
2970 1647 3200 1713 fecerit
3244 1698 3261 1727 ,
3314 1663 3428 1711 aut
3479 1650 3702 1715 tulerit
3746 1696 3765 1714 .
3824 1654 3983 1720 Haec
4038 1706 4059 1743 ,

1071 1757 1141 1823 δε
1201 1774 1343 1839 quae
1400 1750 1522 1817 fint
1574 1750 1715 1829 ejus
1772 1748 2034 1837 generis
2075 1802 2096 1835 ‚
2149 1748 2342 1817 facile
2400 1742 2635 1813 videbit
2676 1798 2698 1832 ‚
2744 1748 2857 1833 qui
2909 1750 3086 1815 volet
3139 1746 3404 1814 laudare
3456 1750 3835 1838 quempiam
3890 1775 3906 1815 :
3980 1757 4053 1825 δε

1070 1855 1184 1943 qui
1239 1854 1651 1940 vituperare,
1701 1851 2064 1918 contraria.

1175 1958 1312 2019 Cur
1364 1956 1564 2041 igitur
1615 1952 1916 2035 dubita,
1967 1950 2182 2039 inquit
2234 1951 2520 2020 Catulus
2558 1999 2579 2034 ,
2634 1948 2847 2015 facere
2898 1950 3025 2017 hoc
3082 1952 3345 2017 tertium
3394 1972 3605 2039 genus
3644 2005 3665 2037 ‚
3732 1954 4057 2041 quoniam

1067 2054 1238 2121 inest
1290 2057 1356 2119 in
1407 2057 1655 2119 ratione
1705 2073 1920 2121 rerum
1963 2050 1990 2114 ἒ
2063 2072 2199 2118 non
2252 2054 2432 2119 enim
2473 2102 2494 2137 ‚
2564 2047 2610 2113 fi
2658 2050 2749 2115 est
2802 2048 3059 2118 facilius
3094 2105 3113 2139 ‚
3179 2074 3259 2119 eo
3312 2052 3393 2118 de
3445 2071 3725 2122 nurnero
3790 2074 4053 2145 quoque

1067 2152 1162 2219 est
1211 2156 1731 2241 excerpendum.
3486 2216 3493 2221 .
3896 2186 3900 2193 ·

1173 2256 1347 2332 Quia
1400 2256 1592 2341 nolo,
1641 2255 1899 2345 inquit,
1951 2255 2215 2341 omnia,
2266 2276 2407 2343 quae
2456 2255 2700 2323 cadunt
2736 2252 3120 2343 aliquando
3170 2258 3235 2324 in
3288 2271 3628 2324 oratorem
3670 2308 3690 2341 ,
3740 2254 4051 2346 quamvis

1071 2354 1318 2442 exigua
1374 2356 1535 2443 lint,
1587 2378 1663 2423 ea
1717 2358 1801 2423 fic
1855 2352 2173 2441 tractare,
2224 2354 2403 2442 quast
2458 2356 2623 2422 nihil
2668 2357 2842 2443 poffit
2894 2356 3022 2423 dici
3076 2353 3209 2424 fine
3263 2362 3596 2448 praeceptis
3654 2356 3820 2425 suis.
3876 2360 4051 2425 Nam

1074 2456 1144 2525 ὅ(
1203 2443 1644 2527 testimonium
1699 2456 1857 2547 saepe
1908 2456 2261 2525 dicendum
2311 2452 2403 2521 est
2440 2506 2459 2539 ,
2531 2474 2605 2521 ac
2660 2477 3147 2543 nonnunquam
3218 2462 3415 2529 etiam
3464 2464 3834 2527 accuratius
3884 2512 3904 2543 ,
3972 2476 4051 2528 ut

1070 2556 1236 2622 mihi
1291 2559 1530 2623 necesse
1585 2558 1710 2624 fuit
1782 2560 1848 2625 in
1924 2569 2120 2644 (15)
2175 2562 2322 2621 Sex.
2378 2554 2636 2620 Titium
2677 2609 2696 2643 ‚
2767 2556 3141 2625 seditiosum
3210 2564 3429 2630 civem
3473 2613 3493 2647 ,
3564 2562 3631 2629 &
3714 2558 4049 2628 turbulen-

1074 2672 1278 2722 tum:
1331 2659 1657 2745 explicavi
1713 2658 1777 2725 in
1832 2679 1911 2725 eo
1959 2657 2327 2724 testimonio
2377 2654 2648 2722 dicendo
2695 2710 2715 2742 ,
2777 2658 3003 2725 omnia
3073 2663 3343 2731 consilia
3414 2660 3794 2733 consulatus
3847 2664 3973 2729 mei
4029 2712 4053 2745 ‚

1073 2752 1304 2846 quibus
1358 2758 1464 2825 illi
1511 2756 1770 2827 tribuno
1841 2758 2041 2847 plebis
2115 2779 2231 2844 pro
2299 2754 2629 2840 republica
2690 2760 3097 2845 restitiss'em3
3166 2786 3441 2852 quaeque
3513 2762 3594 2827 ab
3662 2784 3740 2831 eo
3809 2777 4049 2831 contra

1073 2858 1552 2945 rempublicam
1609 2860 1780 2929 fasta
1835 2862 2231 2942 arbitrarer,
2283 2855 2610 2943 exposui.
2670 2860 2801 2925 Diu
2863 2874 3151 2924 retentus
3208 2862 3358 2927 sum
3394 2914 3415 2945 ‚
3484 2863 3695 2925 multa
3749 2864 3979 2931 audivi
4032 2916 4057 2949 ‚

1073 2958 1285 3027 multa
1339 2962 1680 3051 respondi.
1738 2966 1920 3031 Num
1979 2961 2176 3048 igitur
2231 2958 2443 3045 placet
2485 3010 2506 3043 ‚
2574 2978 2731 3025 cum
2780 2957 2865 3025 de
2916 2958 3287 3043 eloquentia
3340 2960 3667 3043 praecipias
3704 3009 3725 3041 ‚
3794 2960 4055 3046 aliquid

1072 3064 1274 3128 etiam
1326 3062 1404 3129 de
1456 3061 1837 3129 testimoniis
1889 3058 2177 3128 dicendis
2215 3110 2235 3145 ,
2309 3060 2487 3150 quafi
2558 3060 2626 3124 in
2680 3074 2820 3127 arte
2868 3058 3120 3123 tradere
3172 3058 3207 3119 ,ἕ
3286 3058 3471 3125 Nihil
3545 3056 3693 3123 sane
3732 3108 3753 3142 ‚
3832 3059 4057 3147 inquit

1069 3167 1390 3250 Catulus,
1444 3166 1684 3232 necesse
1733 3164 1858 3232 est.

1175 3267 1330 3330 XII.
1393 3265 1572 3350 Quid
1643 3267 1690 3332 fi
1761 3267 1983 3356 (quod
2038 3265 2196 3355 saepe
2247 3264 2520 3332 summis
2578 3265 2733 3332 viris
2786 3261 3072 3348 accidit)
3147 3261 3459 3330 mandata
3537 3260 3661 3328 sint
3710 3280 4045 3349 exponen-

1072 3363 1192 3450 da,
1249 3383 1363 3436 aut
1413 3372 1480 3432 in
1540 3366 1765 3436 senatu
1821 3367 1900 3435 ab
1950 3367 2341 3456 imperatore
2386 3422 2406 3454 ‚
2456 3385 2568 3433 aut
2621 3365 2699 3431 ad
2756 3365 3259 3452 imperatorem,
3310 3381 3422 3430 aut
3475 3363 3553 3429 ad
3607 3383 3877 3452 regem,
3930 3379 4045 3432 aut

1073 3467 1153 3532 ad
1206 3469 1522 3557 populum
1593 3470 1882 3559 aliqwm
1951 3491 1990 3536 a
2044 3469 2337 3536 senatu?
2413 3490 2575 3536 num
2630 3466 2781 3555 quia
2840 3463 3075 3555 genere
3144 3467 3454 3532 orationis
3528 3469 3597 3532 in
3670 3462 4047 3541 hujusmodi

1068 3567 1280 3634 caufis
1335 3572 1742 3636 accuratiore
1791 3569 1879 3636 est
1933 3571 2302 3656 utendum,
2354 3570 2593 3636 idcirco
2646 3587 2799 3655 pars
2850 3569 3049 3634 etiam
3100 3564 3232 3632 haec
3286 3568 3637 3634 caularum
3690 3585 4043 3632 numeran-

1066 3663 1148 3728 da
1200 3667 1459 3732 videtur
1502 3719 1521 3751 ‚
1593 3688 1706 3736 aut
1757 3673 2026 3754 propriis
2077 3673 2407 3757 praeceptis
2457 3667 2843 3739 instruenda
2883 3670 2917 3730 ,ἓ
2970 3666 3253 3734 Minime
3312 3690 3466 3736 vero
3506 3721 3527 3752 ‚
3578 3667 3785 3754 inquit
3836 3670 4043 3732 Catu-

1065 3761 1212 3828 lus:
1265 3783 1397 3830 non
1447 3766 1628 3830 enim
1680 3767 1889 3832 deerit
1940 3765 2196 3836 homini
2249 3770 2483 3839 diserto
2532 3772 2597 3837 in
2654 3767 2977 3849 eiusmodi
3028 3765 3221 3833 rebus
3274 3767 3602 3855 facultaS,
3654 3790 3739 3835 ex
3796 3769 4041 3834 caeteris

1063 3860 1260 3930 rebus
1313 3867 1382 3934 &
1439 3865 1648 3932 caufis
1703 3886 2120 3953 comparata.

1167 3963 1346 4054 Ergo
1395 3967 1594 4052 item,
1644 3969 1893 4057 inquit3
1949 3969 2106 4056 illa,
2156 3991 2297 4059 quae
2354 3973 2513 4064 saepe
2562 3971 2791 4041 diserte
2841 3971 3101 4060 agenda
3130 3969 3322 4057 sunt,
3372 3976 3443 4042 &
3502 3996 3645 4063 qua:
3696 3991 3824 4058 ego
3880 3993 4037 4059 pau-

1065 4063 1132 4130 lo
1177 4081 1328 4133 ante
1383 4081 1588 4153 (curn
1637 4067 2088 4158 eloquentiam
2145 4071 2729 4166 laudarem).dixi
2782 4072 3059 4140 oratoris
3112 4072 3282 4159 effe,
3328 4095 3543 4164 neque
3581 4072 3823 4142 habent
3844 4073 4041 4142 suum

949 4252 959 4260 ο
1065 4165 1294 4258 locum
1347 4169 1565 4237 ullum
1617 4173 1686 4240 in
1743 4171 2060 4239 divifione
2113 4177 2400 4261 partium
2453 4232 2473 4265 ‚
2524 4197 2735 4268 neque
2784 4192 3043 4244 certum
3096 4192 3567 4264 praeceptorum
3620 4193 3836 4262 genus
3888 4224 3908 4257 ,
3962 4176 4035 4242 δε

3728 4289 3933 4357 agen-

1078 4471 4045 4520 ww

1131 4628 1162 4687 (
1187 4631 1292 4696 14)
1329 4636 1540 4687 Contra
1576 4633 1880 4702 collegam)
1922 4635 2036 4692 Cn.
2055 4635 2368 4694 Domitium
2408 4643 2494 4698 A·
2664 4645 2783 4706 (a)
2820 4635 2930 4710 Effe
2966 4643 2999 4702 )
3031 4635 3215 4694 Lamb.
3248 4627 3337 4702 effe
3374 4642 3589 4709 natura
3628 4624 3698 4692 ό
3727 4623 4002 4696 fOW‘M·

1057 4690 1422 4775 henobarbum
1447 4741 1464 4766 ‚
1495 4703 1737 4762 Neronis
1775 4706 2343 4776 imperatorisatavum
2368 4751 2385 4774 ,
2420 4710 2487 4768 de
2666 4712 2785 4777 (b)
2823 4713 3152 4782 Sapienter)
3194 4700 3387 4780 Lamb.⁶
3406 4711 3724 4778 patrenter.
3878 4766 3889 4776 ·
3999 4761 4011 4772 ,

1055 4783 1166 4835 quo
1201 4767 1472 4829 dicebatur
1507 4793 1624 4832 non
1662 4775 1762 4832 effe
1797 4777 2102 4834 mirandum
2129 4821 2146 4844 ,
2190 4779 2333 4852 quod
2371 4781 2492 4840 bar·
2662 4788 2691 4846 (
2714 4787 2823 4852 15)
2862 4789 2987 4838 Sex.
3006 4779 3272 4838 Titium)
3312 4775 3424 4831 Hic
3456 4771 3704 4850 tnbunus
3742 4768 3917 4842 plebis
3934 4761 4040 4820 futt

1055 4835 1173 4894 bam
1210 4837 1434 4900 haberet
1467 4841 1761 4913 aheneam,
1794 4848 1884 4904 cui
1921 4869 1980 4905 os
2018 4849 2281 4917 ferreum,
2318 4858 2373 4910 δε
2396 4876 2491 4913 cor
2592 4874 2736 4914 anno
2768 4853 2858 4922 U.
2896 4853 2969 4912 C.
3010 4849 3248 4908 DCLV.
3307 4847 3454 4903 Cum
3504 4861 3703 4914 agrarffl
3758 4843 3878 4912 lege
3934 4836 4040 4892 ¹²⁸²

1045 4909 1360 4976 plumbeum
1414 4913 1552 4973 esset
1585 4954 1604 4976 .
1659 4917 1882 4976 Censor
1933 4917 2036 4978 fuit
2089 4940 2237 4979 anno
2292 4925 2377 4983 U.
2414 4929 2489 4985 C.
2591 4927 2803 5001 plebem
2856 4920 2953 4978 fibi
3008 4919 3181 4980 vellet
3220 4916 3527 4982 demereri,
3582 4911 3875 4992 consulem·
3914 4911 4043 4965 ΑΠ’·

1043 4979 1348 5064 DCLXII·
1406 4987 1554 5046 Cum
1623 4991 1684 5048 Ι..
1743 4990 1940 5048 Crasso
2007 5009 2193 5063 graves
2248 4998 2489 5054 exercuit
2592 4999 2803 5056 conium
2844 5013 2873 5062 ‚·
2910 4993 3001 5067 qui
3042 4991 3132 5050 hic
3188 4991 3470 5063 loquitur,
3506 5006 3681 5045 acrem
3719 4985 3907 5044 habult
3945 4981 4043 5040 ad·-

1043 5066 1390 5113 nurnncitias.
1429 5059 1572 5117 Vide
1633 5061 1872 5120 Plinium
1921 5063 2018 5120 lib.
2058 5083 2227 5123 xvu.
2276 5086 2397 5138 cap.
2440 5090 2487 5126 1.
2592 5067 2891 5132 versarium
2915 5107 2929 5124 .
2962 5067 3149 5138 lulius
3184 5065 3519 5142 Obfiqmm·
3558 5065 3711 5127 Idem
3734 5103 3749 5118 ·

1028 5121 1084 5175 δί
1120 5123 1404 5189 Valerium
1439 5132 1730 5195 Maximum
1766 5133 1863 5193 lib.
1908 5155 1992 5195 xx.
2031 5156 2143 5209 cap.
2190 5158 2210 5194 1
2237 5178 2249 5193 .
2286 5141 2435 5197 Idem
2458 5181 2475 5198 .
