4359 6321
1297 495 1477 589 208
2104 490 2330 579 DE
2457 481 3401 573 ORATORE

1263 620 1473 686 va.
1529 616 1610 681 In
1664 610 1879 679 verbis
1926 608 2127 675 etiam
2181 608 2296 677 illa
2352 606 2541 690 sunt,
2587 624 2730 691 quae
2775 620 2889 671 aut
2929 622 3010 667 ex
3051 603 3400 671 immutata
3437 599 3740 665 oratione
3799 604 3966 685 (10)
4021 598 4144 669 du.

1162 736 1405 789 cuntur
1442 768 1463 800 ,
1514 732 1627 781 aut
1674 734 1757 779 ex
1812 712 2011 779 unius
2062 692 2244 776 v'erbi
2296 706 2726 775 translatione
2763 754 2783 789 ,
2836 719 2950 769 aut
3001 722 3083 767 ex
3136 702 3498 769 inversione
3553 695 3906 767 verborum
3949 748 3964 765 .
4044 706 4148 770 Ex

1166 815 1693 887 immutatione:
1755 828 1830 882 ut
1880 812 2043 877 olim
2100 807 2318 877 Rusca
2391 818 2588 895 (11)
2660 824 2819 871 cum
2872 802 3090 890 legem
3145 802 3340 869 ferret
3401 798 3784 884 Annalem,
3839 798 4156 872 diffuasor

1168 922 1267 987 M.
1289 915 1602 984 Servilius
1640 967 1660 1000 ,
1709 920 1827 978 Dic
1880 910 2041 978 mibi
2085 962 2105 993 ,
2155 910 2372 997 inquit
2407 960 2429 990 ,
2481 912 2572 969 M.
2597 906 2867 985 Pinari,
2919 923 3072 967 num
3111 952 3134 984 ,
3172 900 3230 984 fi
3285 922 3503 967 contra
3555 918 3617 965 te
3669 902 3936 987 dixero,
3981 904 4156 971 mibi

1166 1019 1338 1085 male
1390 1018 1675 1083 diHurus
1726 1036 1795 1079 es
1836 1064 1858 1098 ,
1906 1030 1979 1077 ut
2028 1018 2282 1073 caeteris
2333 1006 2610 1102 fecisti?
2688 1014 2768 1069 Ut
2805 1000 3160 1087 sementem
3203 1004 3448 1088 feceris
3500 1052 3519 1084 ,
3570 1009 3667 1066 ita
3723 1020 3922 1067 metes
3969 1056 3990 1088 ‚
4039 1006 4148 1071 in..

1082 1116 1087 1121 ’
1167 1120 1345 1209 quit.
1402 1119 1499 1181 Ex
1552 1114 1980 1181 translatione
2028 1128 2297 1177 autem:
2345 1126 2420 1175 ut
2459 1158 2481 1193 ,
2531 1124 2690 1173 cum
2741 1103 2954 1189 Scipio
3007 1102 3123 1169 ille
3177 1101 3387 1178 niajor
3442 1101 3807 1167 Corinthiis
3862 1103 4152 1174 statuam

1162 1217 1616 1311 pollicentibus
1662 1236 1747 1281 eo
1800 1216 1949 1281 loco
1986 1262 2008 1297 ,
2058 1209 2167 1283 ubi
2219 1212 2500 1279 aliorum
2549 1205 2744 1275 effent
2797 1206 3310 1291 imperatorum,
3364 1203 3683 1267 turmales
3737 1213 3762 1288 (
3807 1224 3890 1271 ιι
3929 1218 4001 1290 ),
4051 1208 4152 1273 di-

1168 1322 1308 1403 xit,
1357 1318 1721 1405 displicere.
1776 1318 2208 1382 Invertuntur
2263 1328 2482 1377 autem
2537 1303 2767 1375 verba:
2819 1324 2894 1371 ut
2943 1304 3201 1371 Craffus
3253 1303 3422 1391 apud
3478 1304 3571 1367 M.
3597 1305 3998 1390 Perpernam
4054 1302 4155 1385 iu-

1164 1422 1379 1487 dicem
1436 1440 1547 1507 pro
1600 1417 1939 1483 Aculeone
2006 1432 2165 1481 cum
2217 1411 2456 1479 diceret
2494 1460 2515 1494 ,
2583 1406 2804 1475 aderat
2875 1420 3103 1475 contra
3157 1406 3566 1471 Aculeonem
3619 1405 4012 1474 Gratidiano
4067 1412 4152 1478 L.

1164 1520 1455 1591 Helvius
1506 1519 1742 1584 Lamia
1780 1568 1803 1600 ,
1850 1514 2164 1583 deformis
2200 1563 2220 1597 ,
2271 1530 2346 1581 ut
2399 1510 2592 1576 nostis
2651 1560 2671 1593 ,
2723 1508 2836 1596 qui
2887 1526 3046 1575 cum
3101 1505 3546 1593 interpellaret
3601 1504 3853 1571 odiose:
3910 1513 4154 1577 Audia-

1150 1640 1313 1703 ‚mus
1354 1671 1375 1703 ,
1426 1619 1639 1705 inquit
1675 1670 1696 1702 ,
1740 1613 2131 1702 pulchellum
2172 1631 2442 1701 puerum
2480 1636 2504 1696 ,-
2560 1609 2821 1679 Craffus
2863 1656 2880 1675 .
2931 1613 3109 1675 Cum
3159 1606 3306 1673 effet
3357 1605 3639 1671 arrisum
3681 1656 3701 1691 ,
3773 1606 3924 1673 Non
3971 1620 4152 1697 potui

1170 1716 1334 1784 mihi
1375 1770 1395 1801 ,
1448 1720 1658 1807 inquit
1710 1718 1941 1784 Lamia
1972 1768 1994 1803 ,
2046 1719 2342 1807 formam
2387 1711 2512 1801 ipse
2552 1706 2853 1795 fingere:
2905 1717 3234 1794 ingenium
3277 1714 3490 1794 potui.
3543 1708 3727 1771 Tum
3778 1710 3888 1777 hie
3947 1764 3969 1797 ,
4025 1720 4152 1779 Au..

1170 1822 1471 1903 dicimus,
1524 1820 1777 1909 inquit,
1832 1816 2176 1903 disertum.
2233 1816 2456 1882 Multo
2501 1815 2704 1881 etiam
2759 1807 3042 1877 arrisum
3091 1807 3181 1875 est
3239 1809 3738 1874 vehementius.

1274 1924 1439 1985 Sunt
1490 1922 1691 1985 etiam
1742 1920 1861 1987 illa
1910 1918 2177 1985 venusta
2217 1969 2236 2001 ,
2287 1934 2360 1983 ut
2415 1918 2482 1982 in
2532 1911 2852 2002 gravibus
2908 1909 3238 1976 sententiis
3281 1960 3304 1991 ,
3354 1908 3438 1975 sic
3488 1909 3557 1973 in
3612 1908 3867 1975 facetiis
3909 1958 3924 1975 .
3985 1914 4150 1981 Dixi

1172 2020 1353 2087 enim
1406 2018 1656 2088 dudum
1694 2074 1715 2105 ,
1762 2022 2109 2107 materiam
2158 2020 2360 2085 aliam
2409 2016 2530 2083 effe
2580 2014 2756 2099 ioci,
2801 2013 3006 2079 aliam
3061 2010 3460 2076 severitatis:
3518 2012 3830 2095 gravium
3881 2031 4154 2101 autern,

1177 2122 1247 2187 &
1310 2120 1649 2205 iocorum,
1698 2140 1903 2186 unam
1952 2124 2091 2187 else
2148 2121 2506 2183 rationem.
2560 2115 2822 2181 Ornant
2873 2113 3074 2200 igitur
3127 2111 3192 2174 in
3249 2110 3471 2197 primis
3531 2113 3892 2179 orationem
3947 2116 4148 2182 verba

1170 2217 1375 2285 relata
1428 2224 1755 2289 contrarie
1795 2245 1817 2283 .·
1871 2220 2048 2309 quod
2100 2220 2282 2287 idem
2331 2238 2544 2305 genus
2598 2214 2758 2303 saepe
2808 2211 2897 2279 est
2944 2212 3146 2279 etiarn
3201 2212 3490 2277 facetum
3531 2232 3552 2285 ς
3631 2229 3702 2277 ut
3751 2215 4007 2281 Servius
4055 2218 4138 2283 il-

1172 2320 1237 2386 le
1290 2319 1503 2386 Galba
1540 2374 1559 2407 ,
1626 2342 1783 2388 cum
1852 2321 2097 2402 judices
2149 2324 2228 2387 L.
2248 2316 2580 2385 Scribonio
2657 2326 2856 2401 (ις)
2936 2312 3199 2378 tribuno
3249 2309 3449 2397 plebis
3527 2308 3720 2378 ferret
3769 2312 4125 2381 familiares

1172 2419 1370 2503 suOS,
1420 2424 1489 2490 &
1530 2422 1778 2489 dixiffet
1802 2420 2003 2506 Libo,
2038 2422 2314 2507 ,Quando
2353 2417 2653 2501 tandem,
2699 2415 2945 2497 Galba,
2990 2414 3066 2479 de
3104 2414 3522 2493 tricliniatuo
3542 2414 3789 2479 exibis?
3842 2424 4004 2480 Cum
4025 2436 4146 2503 tit,

1172 2521 1430 2608 inquit,
1478 2523 1551 2586 de
1606 2522 1893 2587 cubiculo
1940 2522 2178 2587 alieno.
2239 2520 2302 2583 A
2355 2537 2485 2605 quo
2536 2535 2782 2603 genere
2835 2536 2918 2581 ne
2969 2510 3136 2579 illud
3187 2510 3448 2600 quidem
3506 2512 3868 2600 plurimum
3907 2514 4144 2599 distat,

1172 2620 1348 2706 quod
1387 2619 1665 2687 Glaucia
1691 2620 2009 2706 Mete110,
2058 2620 2386 2685 Villaemin
2413 2616 2675 2683 Tiburte
2725 2624 2894 2705 (14)
2947 2612 3188 2697 babes,
3239 2611 3518 2685 chortem
3567 2616 3890 2682 inPaelaeio
3937 2630 4144 2703 (ις).

3799 2720 4044 2783 vai.

1244 2914 1271 2949 χ
1296 2912 1359 2945 ιο
1380 2914 1401 2953 )
1438 2912 1687 2947 imm-ata
1714 2911 1955 2949 oratione
1980 2908 2013 2957 >
2037 2904 2121 2950 διε
2138 2898 2452 2961 allegoriam
2467 2910 2606 2945 con-
2655 2872 2657 2875 Α
2779 2896 2805 2951 (
2831 2894 2937 2955 14)
2979 2888 3177 2940 Villam
3213 2906 3270 2939 m
3311 2890 3539 2958 Tiburte
3565 2893 3590 2945 )
3633 2890 3800 2939 viii-e
3847 2892 4151 2942 l'ibtirtinae.

1172 2961 1349 3015 vertit
1377 3000 1392 3024 ‚
1426 2980 1541 3032 quae
1575 2981 1693 3017 non
1729 2962 1789 3019 in
1829 2964 2031 3028 verbo,
2068 2962 2162 3019 sed
2200 2961 2445 3019 oratione
2500 2980 2604 3031 po·
2709 2957 2768 3015 in
2808 2958 3044 3013 maximo
3081 2972 3234 3033 erant
3273 2970 3490 3023 pretio,
3513 2952 3658 3031 ’adeo
3697 2972 3758 3009 ut
3805 2952 3996 3031 *doleat
4035 2960 4150 3015 Ca-

1175 3024 1273 3085 fita
1312 3030 1423 3087 est.
1459 3032 1580 3089 Lib.
1622 3053 1741 3088 ιιι.
1776 3032 1843 3091 de
1878 3038 2120 3094 Oratore
2156 3074 2175 3100 ,
2205 3032 2601 3091 traduffionem
2710 3029 2872 3108 tullus
2922 3024 3070 3083 suum
3096 3024 3352 3106 *tundunt
3410 3023 3660 3082 Sabinum
3696 3042 3878 3097 potius
3916 3068 3935 3091 ,
3993 3048 4144 3101 quam

2698 3098 3200 3238 leugegaitje'crlze
3249 3187 3338 3230 er,
3369 3165 3470 3236 seu
3507 3167 3741 3230 Sabine,
3769 3163 3868 3234 seu
3904 3172 4146 3228 Tiburs.-

2845 3251 2996 3300 ΝΜ»
3031 3257 3086 3297 te
3123 3262 3148 3294 e
3187 3238 3524 3296 eTiburtem
3555 3253 3900 3304 autumant,
3937 3243 4146 3317 quibus

2847 3330 3022 3440 Outioi?
3033 3309 3330 3440 (ignitum
3347 3381 3564 3439 ledere:
3585 3399 3648 3438 at
3665 3381 3856 3457 quibus
3879 3383 4025 3440 cordi
4043 3383 4146 3452 eff,

2791 3525 2800 3534 .
2848 3457 3068 3538 Qovis
3096 3451 3360 3510 Sabitrum
3385 3458 3606 3525 pignore
3641 3453 3728 3523 effe
3758 3453 4102 3509 contendunt
4123 3494 4150 3512 .

2707 3525 2834 3584 Illic
2876 3525 3066 3582 villam
3105 3525 3325 3582 habebat
3360 3519 3989 3594 magnificentiffimam&
4012 3525 4148 3579 ele-

2705 3595 3061 3668 gautiffimam
3093 3638 3112 3662 ‚
3167 3597 3396 3676 ideoque
3450 3591 3766 3653 invidiosam
3817 3591 4072 3648 Metellus
4112 3633 4136 3648 .

1174 3102 1235 3154 &
1272 3101 1703 3159 immutationem
1742 3122 1929 3173 vocar,
1960 3126 2114 3179 quarn
2150 3104 2341 3163 Graeci
2395 3101 2600 3164 dwan-

1173 3176 1361 3246 λαγιίι
1412 3179 1713 3249 appellant.
1756 3181 1888 3237 Haec
1946 3177 2252 3236 immutatio
2299 3179 2600 3242 orationis,

1167 3253 1505 3316 permutatio
1536 3249 1603 3304 ad
1640 3253 1981 3307 Herennium
2008 3249 2243 3306 dicitur.
2278 3248 2597 3307 Turnebus.

1246 3321 1403 3380 (ιι)
1439 3320 1589 3375 olim
1630 3318 1849 3388 Rusca)
1890 3323 2081 3390 Legem
2100 3320 2370 3377 Annalem
2411 3323 2488 3376 M.
2511 3321 2600 3376 Pi-

1174 3406 1357 3445 narius
1394 3387 1565 3448 Rusca
1604 3391 1762 3454 tulit,
1802 3411 1923 3448 cum
1944 3391 2082 3449 esset
2119 3391 2392 3447 Tribunus
2428 3389 2600 3463 plebis

1172 3478 1319 3516 anno
1358 3461 1441 3521 U.
1478 3462 1553 3518 C.
1594 3463 1938 3522 Dcxxm.
1973 3463 2263 3532 Ernestus.
2557 3529 2566 3540 ⁶

1246 3535 1408 3598 (ιι)
1446 3535 1741 3589 Tui-males
1770 3541 1793 3596 )
1846 3537 2039 3592 Statuae
2094 3533 2344 3590 turmales
2379 3549 2479 3603 pro
2525 3551 2602 3587 rie

1170 3603 1425 3660 dicuntur
1462 3644 1479 3666 ,
1528 3610 1583 3660 δε
1636 3605 1885 3661 translate
1916 3645 1930 3660 .
1984 3609 2212 3675 Proprie
2263 3605 2421 3660 dictae
2503 3621 2603 3661 unt

1168 3674 1351 3728 statuae
1400 3674 1705 3744 equestres:
1763 3695 1885 3732 nam
1920 3694 2107 3732 turmas
2148 3674 2272 3731 suut
2323 3673 2596 3746 equitum,

1167 3761 1285 3798 nori
1318 3742 1603 3812 peditum.
1639 3745 1957 3817 Improprie
1988 3785 2006 3810 ,
2058 3751 2109 3799 δ(
2154 3745 2476 3802 translatitie
2511 3743 2602 3801 di·

1168 3831 1366 3870 cuntur
1420 3814 1654 3884 gregales
1695 3855 1713 3880 ,
1763 3820 1818 3870 δι
1858 3815 1916 3870 in
1958 3815 2108 3872 turba
2142 3815 2418 3871 collocatae
2449 3856 2466 3880 ‚
2502 3833 2600 3872 cu-

1171 3883 1407 3956 jusmodi
1446 3904 1559 3940 non
1598 3885 1882 3954 expetebat
1927 3886 2141 3958 Scipio.
2179 3886 2476 3941 Strebaeus.

1242 3961 1399 4030 (13)
1436 3964 1502 4012 L.
1534 3956 1840 4019 Scribonio)
1881 3961 2095 4026 Magnas
2135 3955 2283 4012 inter
2323 3952 2378 4011 se
2417 3955 2599 4016 (imul-

1172 4042 1304 4084 rates
1362 4031 1417 4082 δ(
1467 4026 1591 4082 odia
1658 4044 2014 4084 exercuerunt
2078 4027 2255 4085 Galba
2303 4045 2488 4084 orator
2540 4035 2600 4086 δε

1171 4097 1482 4155 Scribonius
1534 4095 1668 4155 Libo
1718 4138 1735 4162 ‚
1802 4097 1934 4154 adeo
1984 4117 2042 4155 ut
2098 4097 2339 4154 tribunus
2377 4099 2598 4158 tandem

1170 4170 1311 4227 Libo
1352 4172 1409 4226 in
1447 4187 1563 4225 eum
1603 4169 1943 4238 rogationem
1978 4169 2147 4226 ferret
2203 4169 2486 4240 privilegii
2526 4169 2597 4229 fi-

1168 4242 1356 4298 milem
1392 4282 1412 4305 ‚
1460 4237 1605 4312 quod
1657 4238 2035 4298 Lusitanorum
2084 4259 2328 4311 magnam
2376 4261 2598 4300 manum

1168 4308 1465 4384 perfidiose
1531 4311 1895 4370 interemisset
1934 4353 1955 4379 ,
2018 4311 2327 4370 tribunicia
2391 4315 2594 4372 aetium

1170 4385 1388 4444 Cato-ne
1448 4382 1815 4442 subscribente
1852 4425 1871 4450 ‚
1918 4403 2021 4457 qua
2074 4383 2143 4442 de
2198 4403 2256 4441 re
2309 4385 2369 4442 in
2425 4389 2594 4444 Bruto

1159 4455 1418 4532 scribitur
1455 4496 1474 4512 .
1528 4461 1595 4515 In
1634 4457 1857 4528 quadam
1896 4455 2059 4526 igitur
2108 4457 2494 4524 altercatione,
2531 4478 2589 4516 ac

1164 4533 1313 4586 torte
1348 4547 1406 4586 in
1440 4549 1739 4594 contione,
1780 4529 1949 4587 Galba
1984 4527 2054 4584 de
2090 4527 2300 4587 Libone
2350 4549 2590 4601 conque-

1166 4620 1323 4665 rens,
1364 4602 1421 4658 in
1458 4621 1581 4658 eum
1621 4601 1893 4658 invehens
1917 4642 1934 4665 ,
1960 4599 2238 4670 postremo
2271 4600 2476 4667 judices
2511 4599 2592 4656 fe-

1164 4673 1362 4728 rebat.-
1456 4671 1563 4728 uod
1600 4671 1779 4728 solent
1834 4671 2082 4728 homines
2126 4671 2238 4726 fere
2293 4671 2352 4727 in
2405 4691 2592 4741 magna

1160 4741 1327 4800 ca'usae
1378 4741 1415 4796 fi
1458 4743 1569 4798 ueia
1605 4741 1971 4798 adversarium
2028 4758 2388 4812 provocantes
2417 4782 2436 4808 ‚
2473 4763 2597 4800 cum

1162 4831 1251 4869 aut
1288 4812 1522 4884 judicem
1558 4811 1609 4868 ei
1632 4809 1826 4890 ‘ferunt
1848 4851 1865 4878 ,
1898 4828 2001 4891 aut·
2021 4809 2084 4866 ab
2122 4831 2187 4867 eo
2223 4829 2453 4882 petunt.
2493 4815 2594 4870 Fe·-

1162 4885 1307 4940 rebat
1358 4901 1533 4940 autem
1566 4921 1583 4948 ‚
1628 4881 1685 4937 id
1736 4882 1813 4938 est
1845 4923 1862 4947 ,
1913 4881 2166 4939 oflerebat
2200 4922 2217 4946 ,
2254 4887 2310 4936 6:
2350 4882 2503 4940 dabat
2539 4884 2592 4941 ei

1162 4957 1337 5016 Galba
1373 4953 1659 5011 familiares
1696 4951 1813 5010 suos
1848 4994 1865 5018 ‚
1919 4952 2232 5026 quibuscum
2281 4950 2418 5011 esset
2457 4973 2589 5026 epu-

1166 5027 1263 5083 lari
1302 5024 1491 5084 solitus
1524 5063 1543 5082 .
1604 5033 1775 5081 Suum
1812 5030 1867 5082 δε
1905 5025 2159 5081 alienum
2194 5025 2466 5083 contrarie
2505 5045 2591 5083 re·-

1160 5098 1261 5177 lata
1298 5094 1828 5176 sunu-Cubiculum
1864 5097 2103 5164 alienum
2154 5095 2290 5158 dicit
2326 5096 2588 5168 objiciens

1168 5187 1219 5227 ci
1256 5166 1547 5230 adulteria.
1582 5167 1903 5228 Turnebus.
2100 5203 2109 5212 ·

2704 3676 2856 3739 Ergo
2909 3668 3133 3726 Glaucia
3189 3669 3278 3725 vir
3331 3664 3730 3739 improbiffimus
3777 3661 3963 3729 objicit
4037 3663 4142 3720 illi

2697 3737 2976 3797 invidiose
3009 3737 3202 3796 villam
3234 3739 3611 3804 Tiburtinam,
3653 3753 3710 3792 ut
3747 3739 3802 3790 &
3841 3732 4150 3792 inlraCae-

2702 3808 2785 3866 sar
2823 3851 2840 3867 .
2893 3819 3004 3882 Ego
3039 3833 3168 3869 vero
3207 3853 3223 3876 ‚
3271 3815 3538 3887 inquam,
3576 3831 3615 3866 a
3641 3821 3808 3882 porta
3841 3806 4150 3886 eatquilinae

2701 3881 2860 3936 video
2897 3881 3103 3937 villam
3141 3899 3302 3937 tuam
3337 3921 3354 3937 .
3407 3883 3558 3941 Idem
3598 3879 3851 3940 Metellus
3887 3898 3946 3934 ιιι
3985 3880 4152 3935 Pala-

2701 3950 2782 4006 tio
2821 3951 3118 4018 habitabat,
3157 3953 3243 4008 ubi
3274 3992 3290 4015 ,
3327 3971 3385 4009 ut
3423 3973 3488 4009 ex
3527 3955 3776 4011 oratione
3855 3969 3918 4006 ro
3951 3951 4150 4007 Caelio

2701 4023 2944 4093 intelligi
2977 4024 3182 4094 potest,
3216 4025 3564 4086 Metellorum
3603 4023 3792 4082 domus
3831 4022 3952 4078 uit:
3991 4041 4150 4079 cum-

2696 4111 2799 4163 que
2837 4095 2987 4150 chors
3030 4095 3180 4151 villae
3221 4093 3324 4160 sit,
3365 4117 3476 4152 non
3517 4097 3706 4154 domus
3739 4138 3756 4160 ‚
3796 4095 3854 4174 in
3895 4111 3996 4163 qua
4029 4097 4147 4148 im-

2734 4165 2964 4222 luvt'um
3003 4165 3204 4223 dicitur
3243 4167 3424 4240 potius
3458 4209 3474 4232 ,
3529 4170 3684 4227 illum
3720 4166 3856 4224 dicit
3890 4165 4148 4244 cho-rtem

2739 4238 2892 4294 abere
2937 4237 2994 4294 ln
3033 4239 3270 4305 Palatio,
3303 4239 3353 4295 ei
3390 4239 3652 4306 objiciens
3685 4239 3893 4296 crimen
3918 4235 4148 4316 ‚allesta-

2699 4310 2742 4366 ti
2782 4311 2975 4379 regni.
3027 4309 3308 4375 Chortem
3359 4313 3512 4368 enim
3563 4311 3852 4369 hominum
3915 4308 4144 4364 intelli-

2697 4381 2775 4450 git
2797 4423 2812 4446 ,
2854 4381 3060 4441 Palatio
3097 4402 3276 4440 autem
3308 4403 3568 4455 occupato
3603 4387 3830 4444 Romam
3887 4374 4000 4460 sere
4043 4377 4144 4436 ha-

2699 4453 2827 4510 bere
2861 4453 3128 4527 potuisset
3167 4474 3227 4511 in
3265 4455 3565 4526 potestate.
3609 4459 3793 4528 Itaque
3859 4451 4144 4524 periculo·-

2693 4523 2758 4581 fis
2796 4527 3124 4598 temporibus
3157 4523 3532 4598 eiprael'idium
3571 4524 4000 4597 imponebatur2.
4037 4523 4148 4580 Ci⁴

2691 4615 2816 4654 cero
2857 4599 2914 4654 in
2955 4599 3292 4655 Catilinam:
3333 4601 3360 4658 (
3397 4600 3441 4654 Ι.
3483 4605 3576 4661 ι.)
3607 4599 3770 4654 Nihil
3806 4614 3862 4653 te
3917 4598 4138 4652 nastur-

2691 4687 2828 4724 num
2857 4668 3164 4741 presidium
3207 4667 3457 4723 Palatii.
3487 4671 3554 4727 In
3583 4670 3867 4726 Metellum
3904 4687 3996 4724 aut
4013 4669 4148 4726 Nu..

2693 4740 2948 4796 niidicum
2987 4739 3127 4796 istud
3165 4739 3370 4795 dictum
3407 4737 3518 4805 est,
3559 4743 3650 4812 qui
3690 4742 3909 4798 exulare
3947 4739 4152 4797 maluit

2695 4809 3660 4940 335322225332213*&⁶³:325ssoe
3679 4812 4014 4942 i123¹³¹¹⁰³²
4051 4813 4146 4870 ⁵²*

2765 4959 2916 5030 (15)
2973 4951 3228 5034 chorte-m
3265 4903 3591 5012 ianalatio
3623 4925 3658 5018 ³)
3717 4957 3833 5013 Cn.
3873 4953 4150 5029 Apuleius

2691 5025 3040 5089 Saturninus,
3080 5023 3354 5083 Tribunus
3387 5024 3559 5098 plebis
3597 5018 3886 5084 seditiosus
3923 5047 3984 5086 ac
4028 5049 4148 5086 tur-

2704 5093 2951 5152 bulentiis
2997 5137 3013 5162 ‚
3061 5117 3183 5154 cum
3238 5099 3414 5169 legem
3452 5097 3703 5170 agrariam
3755 5117 3856 5172 per
3897 5101 4019 5158 vim
4061 5118 4142 5156 tu-

2707 5163 2890 5234 lisset,
2942 5169 3175 5230 Metello
3227 5168 3525 5238 Numidico
3551 5211 3572 5240 2
3624 5191 3690 5231 eo
3741 5169 3890 5246 quod
3925 5172 3989 5252 in
4027 5187 4144 5232 eam
