4359 6321
778 498 1453 595 ‘LIBER
1572 502 2664 602 SECUNDUS.
2921 542 3090 611 221

238 630 443 701 stram
512 620 906 699 sententiam
976 623 1403 710 perducimus
1453 673 1474 706 ,
1546 636 1660 688 aut
1709 621 2009 693 docendo
2050 680 2073 714 ‚
2122 642 2236 696 aut
2287 629 2742 720 conciliando,
2786 646 2903 699 aut
2954 656 3216 721 permo-

238 730 491 801 vendo:
546 744 681 795 una
728 746 812 793 mr
868 718 1071 791 tribus
1120 721 1225 791 his
1280 720 1476 793 rebus
1528 743 1630 791 res
1683 745 1817 812 prae
1868 724 2061 797 nobis
2109 730 2203 799 est
2255 730 2576 823 ferenda,
2631 750 2710 804 ut
2761 732 2926 802 nihil
2977 736 3154 805 aliud
3193 787 3220 822 ,

238 832 361 903 nisi
408 831 647 901 docere
714 824 891 895 velle
940 824 1287 894 videamur
1328 848 1345 890 ε
1398 825 1661 916 reliquae
1714 825 1907 913 duat,
1952 831 2142 903 ficuti
2197 831 2462 924 sanguis
2531 839 2600 903 in
2649 835 3078 927 corporibus,
3129 838 3226 903 iic·

240 932 371 1005 311ae
422 932 491 1003 in
544 928 872 1018 perpetuis
924 926 1335 997 orationibus
1381 923 1535 995 fusae
1586 925 1713 996 eisc
1764 928 2130 1000 debebunt.
2184 936 2364 1003 Nam
2418 940 2489 1008 δε
2545 939 2899 1027 principia,
2963 942 3034 1011 &
3092 960 3218 1009 εκ..

237 1050 385 1103 terae
454 1046 667 1123 partes
736 1029 1057 1099 orationis
1096 1080 1121 1113 ,
1186 1028 1267 1096 de
1317 1026 1553 1117 quibus
1626 1030 1827 1116 paulo
1874 1033 2009 1121 post
2076 1054 2288 1122 pauca
2355 1036 2654 1105 dicemus
2692 1092 2714 1126 ‚
2759 1040 2993 1109 habere
3043 1040 3229 1109 hanc

239 1137 379 1205 vim
430 1152 837 1224 magnopere
886 1128 1125 1198 debent
1169 1181 1193 1216 ,
1264 1145 1341 1197 ut
1388 1128 1473 1198 ad
1526 1150 1765 1199 eorum
1814 1152 2123 1223 mentes,
2164 1136 2338 1227 apud
2389 1160 2554 1227 quos
2615 1156 2900 1229 agetur,
2947 1164 3220 1213 moven-

236 1236 351 1305 das
406 1254 791 1327 permanare
842 1230 1122 1321 poffint.
1968 1250 1975 1257 ·

336 1340 463 1407 Sed
516 1338 621 1407 his
673 1334 975 1425 partibus
1018 1330 1382 1417 orationis,
1430 1354 1581 1421 quae
1628 1335 1751 1404 etfi
1798 1337 1971 1407 nihil
2018 1340 2261 1406 docent
2310 1340 2850 1429 argumentando
2887 1392 2910 1427 ,
2960 1340 3226 1430 persua·

235 1438 452 1509 dendo
524 1458 750 1509 tamen
794 1490 817 1521 ,
888 1438 958 1505 &
1036 1433 1525 1503 commovendo
1593 1438 1949 1525 proficiunt
2004 1441 2434 1529 plurimum,
2485 1462 2876 1532 quanquam
2925 1445 3226 1513 maxime

234 1543 544 1632 proprius
596 1542 691 1609 est
746 1540 939 1606 locus.
987 1540 1058 1607 δε
1114 1536 1183 1603 in
1238 1537 1643 1603 exordiendo
1696 1544 1772 1611 δε
1828 1542 1895 1609 in
1954 1540 2321 1630 perorando
2367 1568 2392 1629 3
2442 1540 2696 1631 digredi
2747 1560 2970 1610 tamen
3021 1540 3103 1611 ab
3145 1564 3226 1611 eo

234 1644 417 1732 quod
474 1639 877 1732 proposueris
900 1694 924 1725 ‚
970 1655 1168 1729 atque
1216 1658 1385 1729 agas·
1422 1690 1453 1726 ,.
1498 1644 2109 1729 permovendorum
2156 1645 2536 1711 animorum
2583 1642 2782 1713 eausa
2815 1696 2838 1730 ‚
2887 1642 3050 1732 saepe
3095 1646 3228 1713 uti·

237 1745 303 1815 le
354 1743 447 1812 est
478 1788 500 1813 .
560 1748 791 1835 ltaque
863 1742 971 1811 vel
1022 1742 1395 1809 narratione
1446 1742 1745 1833 exposita·
1795 1742 1955 1834 saepe
2002 1746 2205 1813 datur
2276 1744 2358 1812 ad
2408 1742 2920 1813 commovendos
2970 1744 3226 1811 animos

232 1844 649 1934 digrediendi
700 1848 887 1913 locus
922 1868 945 1907 .-
1025 1844 1137 1911 vel'
1188 1846 1605 1931 argumentis
1645 1844 1885 1913 nostris
1932 1847 2350 1923 confirmatis
2391 1900 2414 1933 ,
2467 1849 2576 1915 vel
2627 1845 2980 1914 contrariis
3033 1846 3214 1915 refu-

234 1949 393 2014 tatis
434 1998 457 2032 ,
520 1946 629 2013 vel
681 1964 955 2036 utroque
1008 1944 1159 2011 loco
1194 1993 1215 2028 ,
1286 1944 1401 2011 vel
1451 1946 1755 2015 omnibus
1796 2000 1821 2036 ‚
1868 1948 1919 2017 fi
1974 1948 2166 2016 habet
2221 1968 2370 2013 eam
2423 1948 2628 2018 causa
2679 1947 3074 2037 dignitatem
3125 1962 3224 2013 at-

234 2066 366 2134 que
416 2049 563 2134 (⁴¹)
616 2049 929 2135 copiam,
989 2044 1163 2115 redte
1214 2040 1276 2110 id
1329 2042 1475 2112 fieri
1525 2050 1727 2135 potest
1770 2072 1801 2114 τ
1862 2071 2083 2140 eaeque
2136 2049 2349 2117 caufiae.
2403 2047 2549 2116 sunt
2619 2048 2702 2116 ad
2755 2046 3098 2137 agendum
3148 2048 3222 2115 &

232 2146 313 2213 ad
364 2147 751 2215 ornandum
798 2158 995 2235 (51)
1049 2146 1442 2235 graviffimae
1492 2166 1691 2239 atque
1740 2149 2350 2241 pleniffimae,.·quae
2399 2152 2716 2238 plurimos
2787 2150 3008 2213 exitus
3059 2146 3218 2211 dant

232 2244 315 2312 ad
360 2246 696 2325 ejusmodi
756 2248 1218 2338 digreffionem
1251 2299 1285 2332 ‚.
1344 2264 1422 2316 ut
1491 2247 1597 2317 his
1650 2253 1829 2319 locis·
1868 2253 1967 2321 uti
2020 2252 2255 2337 liceat,
2305 2251 2539 2341 quibus
2591 2252 2968 2317 animorum
3019 2247 3232 2337 impe·

234 2362 344 2419 tus
389 2368 677 2437 eorum,
720 2350 841 2438 qui
884 2348 1211 2437 audiunt,
1253 2366 1366 2415 aut
1420 2350 1855 2439 impellantur
1882 2406 1905 2440 ‚
1954 2371 2067 2421 aut
2122 2352 2596 2421 reflectantur,

341 2456 569 2543 Atque
636 2451 839 2517 etiam
888 2450 959 2520 in
1032 2450 1155 2517 illo
1202 2450 1619 2539 reprehendo
1656 2474 1785 2523 eos
1820 2458 1936 2546 qui
1972 2506 2003 2543 ,.
2066 2476 2224 2545 quae·
2278 2456 2557 2523 minime
2631 2453 2831 2522 firma
2883 2446 3038 2517 sunt
3077 2502 3100 2537 ‚
3143 2470 3228 2519 ea

236 2553 449 2643 prima
501 2552 835 2621 collocant
872 2600 899 2619 .
949 2556 1029 2619 In
1082 2572 1233 2641 quo
1276 2552 1431 2621 illos
1480 2575 1745 2645 quoque
1797 2576 2025 2625 errare
2077 2554 2357 2623 arbitror
2394 2607 2414 2643 ,
2464 2554 2628 2648 qui,
2671 2554 2720 2620 fi
2771 2551 3040 2642 quando
3091 2562 3118 2639 (
3162 2550 3228 2617 id

233 2654 415 2746 quod
492 2654 662 2723 mihi
706 2672 1063 2746 nunquam·
1107 2656 1362 2742 placuit
1404 2666 1431 2743 )
1483 2656 1716 2743 plures·
1778 2656 2086 2725 adhibent
2132 2672 2512 2747 patronos,
2553 2669 2628 2724 ut
2676 2656 2746 2720 in
2801 2671 3062 2742 quoque
3107 2670 3219 2719 eo-

235 2777 391 2825 rum
443 2758 811 2825 minimum·
853 2770 1089 2845 putant
1139 2756 1305 2841 eise,
1355 2756 1452 2823 ita
1496 2777 1660 2825 eum
1707 2760 2007 2848 primum
2056 2757 2302 2827 volunt
2347 2760 2568 2827 dicere
2599 2800 2622 2824 .
2671 2760 2808 2821 Res
2859 2755 3042 2821 enim
3092 2752 3233 2819 hoe

235 2858 561 2947 postulat,
611 2875 687 2927 ut
730 2878 965 2927 eorum
1012 2856 1447 2944 expectationi
1488 2910 1517 2945 ,
1576 2860 1693 2949 qui
1747 2861 2078 2946 audiunt,
2124 2878 2328 2951 quam
2375 2858 2734 2929 celerrime
2779 2868 3214 2925 occurratur:

234 2960 345 3029 cui
400 2960 447 3027 fi
499 2959 687 3028 initio
738 2958 1155 3029 satisfastum
1220 2979 1361 3027 non·
1409 2956 1487 3027 fit
1523 3012 1557 3047 ,
1614 2959 1832 3029 multo
1883 2960 2045 3050 plus·
2086 2960 2164 3029 fit
2215 2961 2284 3027 in
2339 2960 2600 3052 reliqua
2669 2955 2868 3025 causa
2919 2956 3222 3023 laboran-

232 3062 437 3131 dum.
487 3060 677 3127 Male
715 3064 900 3129 enim
953 3060 1017 3129 se
1068 3081 1174 3129 res
1222 3056 1461 3147 habet,
1508 3084 1667 3153 quae
1706 3084 1839 3131 non
1897 3062 2169 3148 statim,
2211 3076 2291 3129 ut
2333 3060 2466 3131 dici
2519 3075 2742 3151 coepta
2789 3058 2922 3144 est,
2973 3056 3212 3125 melior

234 3163 383 3230 fieri
438 3159 692 3231 videtur
732 3205 757 3228 0
820 3165 1002 3248 Ergo
1052 3174 1127 3226 ut
1176 3162 1249 3226 in
1300 3177 1554 3230 oratore
1626 3167 1915 3252 optimus
1988 3163 2268 3254 quisque
2303 3213 2328 3248 ‚
2380 3163 2468 3231 fic
2521 3165 2592 3234 δε
2649 3163 2718 3229 in
2767 3160 3062 3229 oratione
3110 3156 3224 3225 fir-

235 3261 603 3329 miffimum
669 3258 979 3348 quodque
1052 3260 1129 3326 fit
1181 3259 1523 3345 primum:
1566 3261 1734 3330 dum
1778 3263 1951 3330 illud
2002 3281 2226 3330 tamen
2280 3265 2352 3328 in
2401 3279 2689 3354 utroque
2740 3273 3042 3327 teneatur
3073 3308 3096 3342 ,
3145 3271 3222 3322 ut

236 3381 363 3446 ea,
415 3381 561 3450 quae
605 3353 941 3427 excelli'nt
970 3410 1005 3446 ,
1062 3357 1401 3427 serventur
1452 3361 1654 3429 etiam
1704 3363 1785 3428 ad
1834 3365 2284 3449 perorandum
2321 3381 2358 3422 r
2427 3361 2474 3428 fi
2529 3381 2674 3448 quae
2721 3373 2922 3428 erunt
2972 3354 3226 3423 medio-

236 3463 373 3530 cria
430 3471 645 3549 (nam
692 3458 943 3528 vitiofis
986 3457 1321 3548 nusquam
1369 3458 1493 3527 effe
1541 3475 1797 3550 oportet
1850 3459 2130 3549 locum)
2185 3460 2258 3526 in
2311 3459 2597 3528 mediam
2649 3455 2914 3526 turbam
2957 3507 2986 3542 ,
3029 3467 3232 3542 atque

234 3562 311 3630 in
366 3581 649 3652 gregem
694 3560 1186 3639 conjiciantur,

340 3663 545 3732 Hisce
591 3659 902 3732 omnibus
950 3660 1145 3730 rebus
1198 3659 1662 3748 confideratis,
1714 3675 1863 3730 tum
1914 3661 2200 3751 denique
2252 3659 2360 3748 id,
2413 3661 2592 3751 quod
2642 3659 2936 3751 primum
2979 3651 3074 3725 est
3120 3653 3220 3723 di-

234 3761 585 3851 cendum,
628 3764 1035 3854 postremum·
1082 3760 1264 3831 soleo
1312 3763 1654 3850 cogitare,
1705 3785 1841 3854 quo
1893 3779 2041 3832 utar
2090 3761 2372 3830 exordio
2407 3811 2424 3829 .
2502 3767 2682 3831 Nam
2735 3762 2782 3830 fi
2831 3757 3104 3850 quando
3153 3755 3223 3825 id

234 3865 535 3950 primum
584 3868 891 3936 invenire
938 3863 1169 3950 volui,
1216 3861 1489 3930 nullum
1544 3863 1709 3932 mihi
1758 3866 2097 3951 occurrit,
2146 3861 2267 3934 nisi
2323 3877 2438 3931 aut
2491 3865 2668 3934 exile
2705 3913 2729 3951 ,
2775 3878 2890 3930 aut
2940 3875 3228 3949 nugato-

232 3964 457 4050 rium,
508 3981 623 4034 aut
682 3967 965 4056 vulgare
1010 3982 1203 4056 atque
1259 3983 1672 4032 commune.

338 4070 740 4136 LXXVIII.
786 4065 1115 4155 Principia
1165 4077 1387 4132 autem
1436 4063 1704 4134 dicendi
1757 4065 2010 4156 semper
2058 4085 2218 4135 cum
2273 4082 2576 4136 accurata
2616 4118 2646 4152 ,
2693 4067 2764 4137 δε
2793 4077 3010 4133 -acuta
3049 4113 3072 4147 ,
3145 4061 3223 4130 δε

232 4163 547 4236 ἰηίἕτιιὲὶα
600 4167 943 4238 sententiis
976 4219 999 4253 ‚
1066 4182 1217 4255 apta
1266 4160 1487 4234 verbis
1529 4221 1549 4252 ,
1613 4183 1763 4235 tum
1814 4189 1975 4236 vero
2019 4167 2368 4240 causarum
2421 4172 2690 4258 propria
2755 4167 2876 4236 effe
2925 4163 3158 4232 debent
3202 4208 3220 4227 .

234 4267 461 4336 Prima
508 4268 605 4338 est
648 4271 833 4340 enim
882 4266 1064 4356 quasi
1116 4267 1413 4354 cognitio
1470 4269 1542 4336 δε
1596 4269 2095 4338 commendatio
2150 4274 2460 4339 orationis
2515 4273 2582 4338 in
2633 4268 2954 4356 principio
2997 4315 3018 4349 ‚
3069 4285 3218 4353 quae

236 4369 564 4442 continuo
610 4391 817 4457 eum,
861 4367 981 4459 qui
1024 4367 1251 4452 audit,
1300 4368 1709 4454 permulcere
1760 4385 1953 4457 atque
2007 4369 2274 4438 allicere
2316 4371 2542 4439 debet.
2597 4373 2677 4434 In
2729 4389 2867 4459 quo
2914 4360 3224 4432 admirari

238 4465 419 4538 soleo
469 4493 613 4544 non
658 4469 967 4564 equidem
1014 4467 1165 4538 istos
1200 4519 1225 4556 ,
1272 4467 1388 4556 qui
1442 4469 1709 4538 nullam
1758 4467 1913 4541 huic
1963 4472 2053 4538 rei
2107 4489 2373 4559 operam
2423 4471 2742 4539 dederunt
2783 4499 2798 4538 ι
2855 4467 2962 4536 sed
3012 4465 3224 4532 homi-

2965 4589 3122 4636 nem

262 4790 3212 4830 ffl-

309 4899 436 4966 (⁴‘)
475 4903 744 4975 Copiam)
782 4897 967 4956 lamb·
1005 4915 1231 4971 eamque
1268 4902 1475 4970 copiam
1496 4937 1515 4964 ,
1546 4901 1685 4958 rede
1779 4895 2023 4970 gendum
2064 4918 2081 4954 .-
2134 4893 2408 4968 quomodo
2443 4893 2515 4975 ,se
2571 4892 2732 4951 habet
2777 4887 2888 4972 ΜΓ.
2925 4884 3100 4965 Mead.
3153 4889 3227 4964 Er

239 4984 309 5026 ur
329 4969 463 5044 fieri
492 4969 679 5046 poffitt
720 4989 889 5046 eaque
925 5007 944 5025 .
979 5006 997 5024 .
1032 5007 1053 5026 .
1088 5007 1105 5024 .
1141 4969 1463 5039 aagendam
1488 5007 1505 5025 .
1790 4969 1934 5028 κᾶε
1970 4968 2187 5040 quidem
2209 5008 2225 5033 ,
2263 4987 2322 5024 ut
2361 4984 2602 5046 opinor.-
2641 4965 2883 5042 loquitur
2934 4975 3084 5014 enim
3121 4957 3230 5012 Cr-

308 5049 337 5109 (
358 5062 421 5114 51
443 5047 473 5109 )
507 5043 611 5104 Ad
642 5042 927 5113 agmdum
953 5037 1113 5108 &ad
1140 5041 1493 5104 amandum)
1525 5041 1690 5098 Lam-
1786 5061 1919 5100 cero
1952 5041 2027 5097 de
2064 5035 2457 5112 permovendis
2483 5033 2679 5092 animis
2699 5073 2717 5099 ,
2747 5027 2893 5104 quod
2929 5027 2994 5086 fit
3029 5044 3232 5099 augen-

244 5111 405 5175 binus
438 5119 497 5174 δε
532 5113 805 5176 Κοῐκττις
823 5111 1129 5185 Stephanus
1165 5108 1545 5184 impresscrunt
1580 5131 1691 5170 au-
1790 5113 1901 5179 do.
1934 5117 1991 5170 dt
2028 5107 2438 5183 amplificando.
2475 5104 2652 5164 Idem.
