4359 6321
1266 503 1392 598 80
1637 498 1666 526 ⁹
1755 499 1922 589 DE
1985 489 2767 595 INVENTIONE
2824 495 3553 591 RHETORICA

1139 625 1201 694 se
1239 677 1259 712 ,
1313 639 1442 687 non
1491 611 1911 686 adversarios
1953 669 1970 704 ‚
2038 638 2077 683 a
2131 615 2468 712 uoluntate
2516 615 2659 694 eius
2709 611 2877 681 stare
2916 663 2932 680 .
2988 619 3164 686 Nam
3218 619 3434 684 multo
3502 615 3762 706 propius
3818 620 4125 691 accedere

1140 719 1222 790 ad
1272 717 1593 807 scriptoris
1667 721 2080 788 voluntatem
2119 766 2140 802 ,
2216 735 2371 784 eum
2412 769 2433 802 ,
2498 719 2611 806 qui
2678 735 2762 781 ex
2834 715 3031 806 ipfius
3099 738 3247 783 eam
3320 718 3529 783 literis
3600 719 4127 810 interpretetur;

1137 841 1342 912 quam
1391 819 1591 888 illum
1633 875 1656 910 ,
1723 825 1834 910 qui
1887 813 2273 888 sententiam
2331 815 2661 906 scriptoris
2709 835 2845 882 non
2912 839 2993 886 ex
3050 818 3247 904 ipsius
3303 815 3533 906 scripto
3583 817 3819 907 spectet
3864 873 3884 906 ‚
3956 821 4131 912 quod

1140 924 1254 992 ille
1309 925 1436 992 suae
1491 923 1851 994 voluntatis
1921 919 2096 1012 quafi
2153 915 2515 1008 imaginem
2564 917 2959 1008 reliquerit,
3010 916 3167 986 ‘sed'
3211 917 3577 987 domesticis
3653 919 4135 1008 suspicionibus}

1139 1025 1578 1114 perscrutetur
1599 1073 1615 1089 .
2216 1029 2227 1040 ’
2396 1041 2405 1054 ·

1237 1129 1352 1194 Sin
1402 1122 1670 1193 causam
1719 1123 1949 1193 afferet
2001 1124 2060 1190 is
2098 1171 2120 1207 ,
2165 1123 2282 1213 qui
2334 1140 2371 1185 a
2423 1118 2743 1191 stntentia
2794 1117 2979 1196 stabit
3017 1172 3039 1205 ,
3114 1121 3407 1210 primum
3458 1123 3577 1190 erit
3624 1135 3852 1191 contra
3905 1125 4136 1192 dicen-

1138 1230 1357 1296 dum:
1413 1243 1615 1310 quam
1667 1219 2017 1292 absurdum
2060 1276 2081 1309 ,
2151 1244 2289 1290 non
2344 1240 2589 1310 negare
2642 1236 2867 1288 contra
2919 1221 3141 1312 legem
3198 1221 3407 1289 feciffe
3446 1277 3466 1308 ,
3541 1224 3649 1291 sed
3704 1245 3907 1312 quare
3962 1226 4137 1293 fece-

1039 1393 1046 1399 ,
1133 1328 1220 1394 rit
1256 1375 1280 1411 ,
1323 1323 1592 1390 caulam
1645 1324 1938 1413 aliquam
1990 1325 2328 1390 invenire.
2386 1319 2637 1388 Deinde
2685 1322 3000 1389 conversa
3052 1324 3275 1392 omnia
3326 1325 3491 1390 effe:
3544 1343 3699 1390 ante
3755 1323 3985 1394 solitos
4032 1325 4137 1392 ei:-

1135 1425 1202 1494 se
1250 1423 1655 1492 accusatores
1711 1424 2034 1503 judicibus
2083 1422 2463 1513 persuadere
2514 1473 2535 1508 ,
2601 1423 2865 1490 affinem
2918 1424 3042 1491 efl'e
3113 1424 3401 1502 alicuius
3448 1427 3652 1512 culpae
3722 1447 3881 1493 eum
3925 1478 3948 1510 ,
4020 1424 4139 1514 qui

1135 1525 1612 1596 accusareturt
1681 1525 1948 1592 causam
2002 1526 2298 1614 proferre
2339 1576 2361 1608 ,
2426 1545 2566 1614 qua:
2619 1543 2773 1590 eum
2840 1521 2926 1592 ad
2977 1524 3395 1612 peccandum
3466 1525 3875 1613 impuliffett
3948 1545 4139 1592 nunc

1135 1626 1351 1715 ipsum
1402 1647 1590 1694 reum
1645 1626 1912 1696 causam
1932 1625 2209 1712 afferre,
2256 1645 2460 1716 quare
2508 1623 2887 1714 deliquerit.
2942 1625 3199 1692 Deinde
3246 1627 3421 1692 hanc
3470 1629 3782 1694 inducere
3834 1628 4141 1713 partitio·

1139 1749 1294 1796 nem
1334 1781 1353 1814 ‚
1403 1730 1592 1807 cujus
1646 1729 1712 1794 in
1769 1727 2056 1819 lingulas
2109 1745 2327 1816 partes
2376 1724 2601 1793 multa»
2648 1727 3049 1794 convenient
3100 1729 3705 1815 argumentationes
3749 1773 3764 1789 .
3824 1727 4139 1794 Primum

1137 1830 1324 1896 nulla
1381 1831 1447 1893 in
1501 1830 1648 1915 lege
1695 1829 1907 1899 ullam
1959 1833 2226 1895 cautam
2281 1844 2516 1895 contra
2569 1822 2886 1912 scriptum
2942 1828 3147 1912 accipi
3197 1830 3558 1896 convenire
3599 1854 3617 1891 z
3668 1826 3909 1892 deinde
3964 1828 4013 1893 fi
4068 1830 4141 1894 in

1139 1928 1690 2016 caeterislegibus
1746 1931 2099 1996 conveniat
2141 1981 2162 2015 ,
2212 1929 2385 1994 hanc
2436 1925 2559 1994 effe
2609 1922 2998 2002 huiusmodi
3050 1927 3320 2013 legem,
3375 1943 3449 1992 ut
3504 1928 3571 1990 in
3622 1946 3701 1990 ea
3756 1947 3892 1989 non
3946 1943 4139 2016 opor.

1143 2045 1331 2095 teat:
1387 2027 1706 2118 postremo
1757 2030 1806 2096 fi
1861 2031 1928 2094 in
1979 2031 2108 2098 hac
2157 2047 2418 2120 quoque
2472 2025 2621 2114 lege
2666 2037 2997 2114 oporteat,
3045 2025 3218 2094 hanc
3272 2025 3543 2118 quidem
3595 2025 3867 2096 causam
3930 2028 4137 2119 accipi

1134 2130 1412 2197 minime
1461 2150 1794 2220 oportere.

1241 2230 1452 2298 XLV.
1507 2235 1734 2300 Prima
1783 2251 1930 2320 pars
1983 2235 2084 2302 h'is
2137 2234 2275 2301 fere
2328 2233 2489 2304 locis
2542 2228 3083 2316 confirmabitur,
3134 2231 3431 2322 scriptori
3484 2250 3696 2321 neque
3735 2225 4137 2321 ingenium,

1137 2351 1354 2422 neque
1403 2353 1667 2420 operam
1706 2387 1727 2418 ,
1797 2336 2007 2422 ne'que
2057 2335 2274 2403 ullam
2328 2331 2710 2398 facultatem
2760 2330 3031 2397 defuiffe
3067 2382 3090 2415 ,
3156 2354 3293 2420 quo
3343 2334 3567 2399 minus
3638 2333 3837 2424 posset
3912 2348 4135 2423 aperte

1139 2431 1539 2522 perscrIbere
1589 2433 1656 2498 id
1696 2483 1719 2516 ‚
1768 2432 1940 2518 quod
1993 2432 2355 2516 cogitaret.-
2408 2431 2545 2494 rion
2598 2429 2780 2495 fuiffe
2829 2429 2892 2495 ei
2942 2451 3191 2518 grave,
3238 2453 3361 2500 nec
3410 2433 3714 2516 difficile,
3765 2452 3919 2500 eam
3974 2456 4141 2510 cau-

1143 2529 1287 2596 sam
1335 2532 1633 2616 excipere
1669 2581 1690 2613 ,
1737 2549 1943 2617 quam
1992 2528 2346 2596 adversarii
2400 2527 2732 2617 proferant
2769 2581 2791 2614 ,
2858 2529 2904 2597 fi
2956 2532 3313 2621 quicquam
3380 2531 3854 2620 excipiendum
3908 2531 4141 2619 putas-'-

1143 2628 1234 2696 iet
1274 2652 1290 2693 =
1343 2626 1740 2695 consuevisse
1789 2651 1902 2698 eos
1941 2682 1960 2715 ,
2008 2634 2121 2720 qui
2173 2630 2357 2720 leges
2409 2628 2687 2697 scribant
2730 2683 2753 2714 ‚
2799 2630 3286 2722 exceptionibus
3336 2638 3471 2702 uti.
3556 2633 3811 2700 Deinde
3865 2648 4133 2722 oportet

1141 2730 1416 2800 recitare
1466 2731 1647 2820 leges
1696 2749 1855 2798 cum
1903 2732 2401 2822 exceptionibus
2454 2728 2727 2820 scriptas
2763 2782 2784 2813 ,
2832 2731 2905 2820 dt
2960 2734 3255 2798 maxime
3304 2737 3524 2801 videre
3562 2783 3585 2816 ,
3636 2735 3683 2800 fi
3734 2755 3883 2823 quae
3936 2737 4009 2802 in
4062 2751 4139 2800 ea

1139 2830 1276 2921 ipsa
1327 2831 1474 2918 lege
1513 2882 1536 2918 ,
1596 2851 1726 2919 qua
1775 2833 1872 2900 de'
1909 2834 2130 2920 agitur
2168 2884 2190 2917 ‚
2268 2832 2348 2899 fit
2398 2831 2697 2920 exceptio
2746 2829 2967 2918 aliquo
3016 2831 3085 2896 in
3135 2835 3348 2918 capite
3386 2849 3581 2934 ,μ
3618 2833 3792 2920 apud
3838 2836 4145 2900 eundem

1145 2927 1315 3020 legis
1367 2933 1751 3019 scriptorem
1787 2983 1810 3016 ‚
1861 2955 1998 3022 quo
2046 2935 2261 3022 magis
2308 2953 2469 3001 eum
2520 2929 2822 3020 probetur
2876 2929 3059 2996 fuiffe
3109 2948 3543 3018 excepturum
3582 2983 3604 3016 ,
3676 2930 3726 2997 fi
3792 2930 3961 3020 quid
4015 2951 4148 2998 ex-

1145 3032 1528 3119 cipiendum
1577 3049 1887 3120 putaret:
1938 3037 2010 3104 &
2066 3031 2441 3118 ostendere,
2508 3031 2776 3100 causam
2824 3034 3114 3120 accipere
3168 3033 3334 3098 nihil
3390 3031 3569 3099 aliud
3619 3031 3741 3097 effe
3778 3083 3801 3114 ‚
3867 3031 3992 3095 nisi
4050 3032 4149 3096 le-

1148 3153 1304 3225 gem
1351 3133 1635 3201 tollere:
1689 3131 1836 3201 ideo
1881 3134 2058 3225 quod
2096 3189 2117 3222 ‚
2166 3158 2326 3206 cum
2379 3132 2577 3227 semel
2633 3134 2828 3204 causa
2877 3132 3321 3203 consideretur
3358 3187 3380 3220 ‚
3430 3130 3595 3199 nihil
3648 3131 3925 3199 attineat
3984 3147 4136 3197 eam

1149 3257 1231 3303 ex
1287 3234 1436 3321 lege
1483 3234 1894 3302 confiderare
1937 3289 1958 3320 ,
2005 3237 2242 3326 quippe'
2291 3260 2433 3327 quae
2483 3238 2551 3302 in
2606 3238 2755 3322 lege
2806 3234 3039 3323 scripta
3090 3244 3225 3300 non
3284 3233 3360 3300 fit
3396 3280 3417 3299 .
3474 3234 3672 3319 Qiod
3725 3230 3771 3297 fi
3830 3230 3911 3295 fit
3964 3231 4135 3298 insti-

1147 3350 1367 3403 tutum
1403 3332 1780 3420 ;''omnibus
1831 3334 2100 3404 causam
2147 3336 2291 3404 dari
2328 3391 2355 3429 ἢ,
2408 3338 2477 3406 δε
2534 3333 2916 3425 potestatem
2964 3332 3340 3422 peccandi,
3409 3356 3569 3402 cum
3627 3331 4087 3403 intellexerint
4116 3383 4138 3418 ,

1151 3455 1274 3502 vos
1323 3454 1405 3501 ex
1459 3432 1729 3524 ingenio
1777 3438 1916 3515 ejus
1961 3487 1982 3522 ‚
2031 3439 2142 3525 qui
2197 3454 2430 3505 contra
2482 3436 2705 3525 legem
2760 3434 2987 3505 feeerit
3024 3486 3045 3519 ,
3097 3458 3231 3504 non
3280 3456 3364 3503 ex
3420 3436 3606 3526 lege,
3657 3437 3725 3501 in
3774 3452 3993 3521 quam
4044 3434 4141 3511 ju-

1149 3535 1274 3600 'rati
1327 3534 1459 3599 fitis
1494 3587 1516 3619 ‚
1564 3557 1705 3601 rem
1760 3535 2080 3613 judicare.
2137 3537 2392 3604 Deinde
2445 3539 2514 3605 δε
2571 3537 2721 3627 ipfis
2774 3534 3102 3615 judicibus
3150 3536 3489 3617 iudicandi
3527 3590 3550 3625 ‚
3620 3538 3690 3605 δε
3744 3534 4005 3602 coeteris
4056 3532 4145 3599 ci-

1147 3630 1342 3701 vibus
1409 3632 1667 3698 vivendi
1733 3636 2011 3701 rationes
2063 3638 2521 3723 perturbatum
2573 3639 2652 3704 iri
2704 3690 2725 3723 ,
2770 3637 2845 3704 -fi
2921 3635 3119 3704 semel
3196 3659 3237 3704 a
3304 3634 3559 3727 legibus
3629 3634 3960 3705 recelsum
4014 3634 4087 3700 fit
4126 3680 4145 3697 .

1147 3734 1334 3799 Nam
1385 3730 1456 3797 &
1515 3730 1761 3808 iudices
1812 3754 2025 3821 neque
2076 3736 2235 3823 quid
2292 3734 2641 3825 sequantur
2680 3789 2702 3820 ,
2751 3735 3129 3822 habituros,
3182 3737 3229 3804 fi
3284 3742 3365 3806 ab
3411 3760 3535 3827 e0‚
3584 3739 3765 3831 quod
3821 3739 4143 3825 scriptum

1149 3833 1288 3921 fit'2,
1338 3832 1694 3899 recedant:
1749 3855 1959 3924 neque
2005 3888 2027 3923 ‚
2075 3836 2209 3923 quo
2259 3836 2445 3923 pasto
2496 3847 2521 3920 (
2548 3848 2641 3924 a)
2697 3838 2847 3904 aliis
2897 3835 3267 3925 improbare
3320 3838 3549 3929 possint
3586 3892 3608 3927 ,
3676 3837 3869 3930 quod
3918 3852 4143 3906 contra

1151 3935 1372 4022 legem
1424 3930 1773 4011 judicarint
1807 3986 1829 4019 ,
1896 3937 1969 4004 δι
2021 3950 2295 4003 caeteros
2344 3940 2523 4004 cives
2559 3990 2578 4021 ‚
2646 3938 2805 4027 quid
2858 3954 3061 4026 agant
3096 3992 3117 4023 ,
3194 3940 3615 4027 ignoraturos
3650 3994 3671 4027 ‚
3745 3940 3792 4005 si
3872 3962 3957 4007 ex
4032 3936 4144 4006 suo

1149 4032 1423 4127 quilque
1474 4034 1746 4101 confilio
1783 4086 1803 4119 ‚
1855 4038 1922 4104 &
1981 4058 2066 4103 ex
2121 4057 2201 4105 ea
2250 4040 2500 4105 ratione
2536 4090 2559 4123 ,
2611 4061 2757 4129 quae
2808 4040 2877 4106 in
2928 4056 3221 4105 mentem
3261 4094 3281 4126 ,
3336 4058 3449 4109 aut
3502 4046 3567 4109 in
3624 4040 3979 4106 libidinem·
4026 4060 4135 4105 ve—

1147 4136 1324 4202 nerit
1365 4187 1388 4219 ,
1438 4156 1569 4201 non
1619 4154 1704 4201 ex
1757 4137 2097 4205 communi
2151 4138 2525 4232 praescripto
2573 4140 2861 4208 civitatis
2914 4161 3453 4231 unamquamque
3504 4161 3645 4210 rem
3718 4136 4141 4204 administra-

1151 4234 1280 4303 bit.
1333 4234 1558 4303 Postea
1607 4257 1889 4331 quaerere
1937 4259 1972 4305 a
2031 4234 2346 4317 iudicibus
2394 4239 2542 4327 ipsis
2585 4294 2605 4327 ,
2656 4262 2861 4330 quare
2912 4242 2979 4307 in
3034 4244 3273 4309 alienis
3322 4243 3735 4311 detineantur
3789 4238 4073 4328 negotiiS
4114 4264 4133 4305 ε

1151 4332 1270 4405 'cur
1321 4336 1690 4423 reipublicae
1738 4358 2013 4407 munere
2061 4340 2545 4428 impediantur,
2600 4362 2759 4409 cum
2814 4342 2959 4432 (b)
3011 4341 3239 4434 saepius
3294 4342 3422 4415 suis
3474 4342 3667 4413 rebus
3719 4342 3791 4411 &
3836 4362 4136 4410 commo·

1151 4433 1256 4501 dis
1311 4432 1552 4503 servire
1603 4438 1882 4526 poffint:
1955 4462 2076 4509 cur
2148 4443 2218 4509 in
2270 4458 2451 4509 certa
2508 4442 2707 4510 verba
2754 4442 2975 4519 jurent
3020 4470 3037 4509 ε
3108 4468 3229 4515 cur
3299 4461 3476 4515 certo
3524 4462 3819 4535 tempore
3892 4464 4134 4513 eonve-

1157 4534 1343 4602 niant
1383 4586 1404 4619 ,
1454 4552 1633 4602 certo
1679 4538 2013 4606 discedant
2054 4565 2070 4604 :
2124 4540 2291 4609 nihil
2348 4540 2696 4631 quisquam
2746 4544 2977 4610 afferat
3030 4546 3235 4616 causae
3276 4599 3298 4632 ‚
3364 4570 3499 4636 quo
3548 4549 3776 4615 minus
3826 4546 4135 4634 frequen-

1155 4652 1258 4703 ter
1308 4653 1574 4722 operam
1624 4638 1989 4725 reipublicae
2039 4640 2146 4709 det
2188 4695 2209 4729 ,
2260 4643 2379 4711 nifi
2432 4664 2573 4735 quae
2620 4643 2815 4711 causa
2869 4644 2937 4711 in
2990 4644 3138 4735 lege
3189 4666 3457 4739 excepta
3514 4648 3591 4715 fit
3628 4670 3652 4710 .-
3712 4669 3797 4714 an
3854 4644 3921 4711 st
3972 4647 4136 4736 legi·

3914 4744 4042 4815 bus

1217 5040 1336 5136 (ι’)
1367 5070 1574 5141 aaa>
1608 5066 1790 5131 lamb.
1828 5072 1888 5133 in
1923 5070 2094 5171 atem
2298 5046 2303 5053 ’
2666 5076 2783 5144 (b)
2818 5080 3052 5150 sapius)
3088 5084 3255 5141 orm.
3294 5086 3459 5143 seriis
3482 5082 3610 5155 sun
3650 5080 3811 5143 ntus
3830 5120 3851 5149 ,
3933 5128 3941 5135 .
