4359 6321
944 426 1565 523 LIBER
1685 426 2784 531 SECUNDUS.
3056 472 3286 579 223·

375 546 678 643 principii
726 548 941 639 magis
995 554 1290 639 propria,
1336 570 1543 639 quam
1593 548 2005 639 reliquarum
2057 556 2388 641 partium:
2443 559 2742 629 faciliora
2793 557 3002 627 etiam
3065 567 3134 631 in
3185 586 3365 652 prin-

366 657 599 741 cipiiS‚
650 650 825 739 quod
883 653 954 719 &
994 654 1225 717 attenti
1280 667 1426 717 tum
1478 651 1773 717 maxime
1827 650 2023 739 sunt,
2076 676 2235 721 cum
2287 660 2510 726 omnia
2559 650 2938 749 exspest'ant
2981 714 3002 747 ,
3055 663 3126 732 δε
3183 664 3356 729 doci-

370 747 469 821 les
518 753 735 837 magis
788 751 989 817 initiis
1038 752 1161 818 elle
1212 751 1500 837 poffunt.
1554 751 1921 821 Illustriora
1968 758 2153 822 enim
2176 754 2369 842 sunt,
2415 782 2560 847 quae
2611 764 2680 829 in
2719 762 3099 851 principiis,
3149 781 3354 851 quam

370 872 514 942 quae
564 851 915 923 in,mediis
964 851 1175 918 causis
1222 852 1577 933 dicuntur,
1626 868 1739 919 aut
1794 854 2133 943 arguendo
2171 907 2193 940 ,
2247 875 2361 928 aut
2414 859 2829 930 refellendo.

444 949 777 1019 .Maxima
844 968 1069 1019 autem
1114 952 1299 1037 copia
1350 950 1821 1039 principiorum
1870 956 1955 1022 ad
2010 955 2300 1033 judicem
2348 976 2465 1025 aut
2516 957 2950 1029 alliciendum
2993 1012 3016 1047 ,
3089 976 3200 1029 aut
3255 960 3353 1027 in-

360 1052 713 1123 citandum
751 1103 772 1138 ,
820 1070 905 1117 ex
956 1052 1037 1119 iis
1091 1052 1257 1119 locis
1304 1052 1590 1119 trahitur
1642 1104 1664 1138 ,
1710 1054 1827 1143 qui
1878 1057 1963 1122 ad
2012 1074 2232 1123 motus
2281 1059 2666 1125 animorum
2718 1062 3164 1129 conficiendos
3214 1061 3351 1128 ine-

360 1172 523 1223 runt
576 1154 649 1219 in
702 1149 939 1219 causa:
992 1172 1157 1240 quos
1207 1172 1435 1219 tamen
1485 1170 1656 1221 totos
1704 1158 1773 1221 in
1826 1159 2151 1245 principio
2221 1158 2542 1245 explicari
2593 1179 2730 1227 non
2783 1161 3107 1247 oportebit
3153 1211 3172 1244 ,
3250 1160 3355 1227 sed

360 1270 629 1321 tantum
680 1250 931 1341 impelli
984 1252 1199 1340 primo
1266 1253 1553 1332 iudicem
1618 1256 1851 1323 leviter
1891 1310 1914 1343 ,
1984 1274 2057 1325 ut
2110 1257 2244 1335 iam
2311 1258 2630 1327 inclinato
2699 1258 2962 1348 reliqua
3013 1258 3352 1329 incumbat

360 1372 609 1423 oratio.

466 1458 745 1523 LXXX.
810 1460 1213 1527 connexum
1280 1477 1509 1531 autem
1577 1459 1672 1525 ita
1748 1459 1827 1526 fit
1894 1462 2298 1549 principium
2371 1461 2794 1553 consequenti
2845 1460 3134 1530 orationi
3185 1509 3208 1544 ,
3281 1475 3356 1529 ut

361 1577 499 1623 nou
572 1572 891 1644 tanquam
964 1557 1305 1628 citharoedi
1360 1560 1763 1651 prooemium
1831 1561 2128 1631 affictum
2203 1560 2471 1649 aliquod
2523 1614 2544 1649 ,
2613 1562 2722 1627 sed
2792 1560 3123 1627 cohaerens
3194 1582 3354 1627 cum

362 1658 553 1723 omni
594 1676 873 1745 corpore
924 1657 1301 1729 membrum
1352 1662 1477 1729 effe
1526 1660 1827 1729 videatur
1862 1710 1883 1727 .
1959 1668 2136 1730 Nam
2195 1664 2505 1731 nonnulli
2547 1715 2570 1747 ,
2620 1681 2778 1730 cum
2829 1659 3002 1727 illud
3058 1659 3354 1727 meditati

360 1755 713 1824 ediderunt
752 1812 775 1844 ,
824 1760 909 1826 fic
964 1760 1043 1825 ad
1094 1763 1347 1849 reliqua
1400 1760 1789 1829 transseunt
1824 1814 1849 1848 ,
1901 1782 1978 1830 ut
2032 1764 2436 1831 audientiam
2489 1763 2598 1830 fibi
2648 1761 2798 1830 fieri
2849 1759 3024 1829 velle
3083 1758 3344 1827 videan-

358 1872 513 1923 tur.
568 1861 793 1947 Atque
842 1858 1167 1935 eiusmodi
1215 1862 1333 1928 illa
1386 1861 1670 1950 prolufio
1717 1860 1901 1930 debet
1948 1865 2117 1951 effe,
2164 1886 2297 1931 non
2349 1882 2424 1931 ut
2445 1864 2865 1948 Samnitum,
2911 1864 3030 1952 qui
3087 1856 3346 1929 vibrant

361 1954 581 2025 hastas
631 1976 785 2025 anre
832 1981 1129 2047 pugnam
1167 2014 1189 2045 ,
1258 1963 1493 2052 quibus
1540 1963 1608 2029 in
1658 1963 2019 2051 pugnando
2066 1966 2236 2033 nihil
2291 1980 2571 2032 utuntur
2610 1990 2635 2049 ,-
2715 1960 2823 2029 sed
2877 1978 2956 2028 ut
3007 1960 3156 2048 ipsis
3206 1959 3349 2029 sen-

362 2059 625 2140 tentiiS‚
676 2057 917 2146 quibus
970 2062 1435 2149 proluserunt,
1482 2063 1588 2131 vel
1638 2083 1939 2153 pugnare
1988 2064 2270 2152 possint.

458 2160 755 2224 Narrare
810 2180 967 2227 vero
1014 2182 1157 2227 rem
1208 2166 1384 2251 quod
1436 2163 1715 2231 breviter
1768 2164 1993 2241 iubent
2036 2217 2060 2250 ,
2106 2168 2154 2233 fi
2203 2164 2486 2235 brevitas
2536 2158 2924 2252 appellanda
2969 2158 3062 2229 est
3099 2212 3120 2246 ,
3189 2182 3348 2229 cum

343 2254 641 2327 verbum
692 2260 967 2327 nullum
1018 2261 1381 2349 redundet,
1434 2265 1649 2333 brevis
1698 2264 1793 2329 est
1844 2270 1921 2331 L.
1974 2267 2173 2335 Crafli
2229 2266 2497 2331 oratioe
2554 2264 2598 2329 fi
2651 2280 2798 2331 tum
2847 2262 2942 2329 est
2990 2260 3272 2331 brevitas
3323 2313 3346 2349 ,

350 2380 517 2429 cum
556 2374 833 2427 tantum
884 2361 1233 2429 verborum
1284 2365 1376 2430 est
1412 2418 1435 2450 ,
1502 2380 1825 2451 quantum
1897 2368 2140 2435 net-,effe
2190 2365 2283 2437 est
2319 2418 2341 2451 ,
2409 2364 2766 2454 aliquando
2835 2364 2898 2427 id
2967 2384 3131 2448 opus
3185 2362 3272 2429 est
3325 2386 3344 2428 ι

350 2458 467 2527 sed
519 2456 679 2547 saepe
731 2460 903 2529 obest
956 2463 1061 2529 vel
1116 2465 1411 2531 maxime
1460 2468 1531 2531 in·
1586 2463 1925 2531 narrando
1962 2516 1985 2550 ,
2053 2490 2192 2533 non
2245 2464 2462 2533 solum
2513 2464 2686 2553 quod
2737 2462 3194 2532 obscuritatem
3251 2462 3348 2529 af-

354 2561 529 2645 fert,
582 2561 689 2626 sed
738 2566 941 2629 etiam
993 2563 1169 2650 quod
1218 2586 1369 2630 eam
1425 2567 1741 2631 virtutem
1776 2618 1797 2649 ,
1884 2588 2025 2653 quae
2098 2569 2501 2637 narrationis
2552 2562 2644 2630 est
2697 2566 2990 2629 maxima
3030 2615 3049 2645 ,
3125 2582 3194 2629 ut
3247 2564 3348 2640 ju-

344 2665 615 2746 cunda,
665 2666 735 2732 ὅ(
794 2664 873 2729 ad
926 2663 1449 2751 persuadendum
1500 2663 1997 2732 accommodata
2048 2664 2164 2749 fit,
2215 2666 2428 2731 tollit.
2484 2668 2577 2729 Ut
2623 2663 2784 2746 illa,
2837 2664 3026 2729 Nam
3075 2672 3137 2727 is
3183 2663 3344 2748 post-

344 2785 549 2849 quam
622 2754 865 2839 excefflt
934 2786 1009 2829 ex
1078 2762 1331 2849 ephebis
1374 2818 1393 2848 ‚
1462 2786 1661 2853 quam
1734 2764 1937 2850 longa
2024 2764 2115 2831 est
2185 2766 2474 2833 narratio
2511 2766 2548 2827 l?
2618 2766 2846 2829 Mores
2915 2761 3341 2831 adolescentis

348 2864 591 2951 ἱΡὶἰυε,
640 2868 708 2935 &
762 2864 1023 2953 ‚servilis
1078 2868 1473 2950 percontatio
1510 2920 1531 2952 ,
1581 2886 1759 2943 mors
1814 2865 2192 2951 cnryfidis,
2247 2868 2473 2933 vultus
2523 2864 2907 2949 &formam
2961 2866 3030 2931 δε
3087 2862 3344 2931 lamen-

350 2967 515 3033 tatio
565 2965 835 3053 lbroris,
888 2966 1141 3061 reliqua
1190 2968 1486 3055 pervarie
1538 2962 1953 3059 iucundeque
2002 2986 2405 3041 narrantur.
2470 2964 2670 3051 Quod
2719 2966 2766 3037 fi
2819 2968 2995 3037 hanc
3048 2964 3336 3035 brevita-

350 3080 491 3135 tem
544 3065 849 3151 quaefiffet
878 3114 929 3155 ,¹
3397 3078 3404 3084 '

756 3264 1088 3354 Effer-tur,
1138 3274 1312 3330 imus
1352 3316 1373 3352 ,
1419 3267 1509 3332 ad
1546 3269 1912 3357 sepulcrum
1966 3281 2312 3340 venimus.

760 3375 839 3432 In
890 3375 1111 3450 ignem
1153 3362 1349 3454 postea
1402 3366 1527 3448 est.

348 3572 493 3640 fere
544 3571 777 3642 decem
834 3573 1181 3644 verficulis
1230 3593 1445 3644 totum
1496 3578 1824 3645 conficere
1874 3576 2216 3664 potuisset:
2263 3595 2648 3666 quanquam
2693 3573 2822 3644 hoc
2875 3567 3086 3662 ipsum
3135 3621 3156 3658 ,
3219 3571 3342 3661 Ef-

332 3676 607 3763 fertur,
658 3685 877 3760 imus,
924 3677 1265 3744 concisum
1316 3677 1413 3744 est
1462 3679 1553 3744 ita
1595 3731 1616 3764 ,
1680 3696 1760 3745 ut
1814 3699 1947 3745 non
2022 3675 2317 3743 brevitati
2373 3677 2688 3742 servitum
2747 3676 2819 3740 fit
2858 3727 2879 3760 ,
2949 3671 3056 3742 sed
3131 3673 3344 3761 magis

344 3775 727 3841 venustati..
761 3777 959 3860 Quod
1016 3776 1061 3842 fi
1116 3780 1279 3844 nihil
1335 3778 1582 3864 fuisset,
1636 3779 1802 3862 nist,
1856 3784 1933 3842 In
1954 3775 2378 3863 ignempofita
2433 3775 2562 3864 est,-
2620 3795 2838 3842 tamen
2899 3793 3000 3843 res
3040 3790 3176 3840 tota
3228 3792 3338 3838 co·

345 3875 579 3960 gnosci
636 3877 827 3944 facile
879 3877 1169 3965 potuiffet
1206 3927 1223 3943 .
1296 3878 1419 3945 Sed
1476 3883 1547 3948 ὅ(
1610 3879 2029 3944 festivitatem
2084 3876 2279 3944 habet
2353 3881 2640 3943 narratio
2692 3875 2986 3943 distincta
3059 3871 3344 3962 perionis

343 3978 413 4043 δε
478 3978 894 4063 interpuncta
971 3974 1434 4045 sermonibus:
1510 3981 1581 4050 δε
1652 3979 1745 4045 est
1816 3977 2208 4064 probabilius
2246 4029 2268 4060 ,
2335 3979 2508 4069 quod
2577 3978 2834 4066 gestum
2901 3976 3024 4042 effe
3091 3975 3268 4044 dicas
3320 4027 3342 4061 ,

336 4096 544 4162 cum,
590 4079 1143 4166 quemadmodum
1168 4080 1389 4145 astum
1448 4079 1565 4164 fit,
1610 4099 1937 4168 exponas:
2000 4081 2314 4148 &multo
2365 4079 2648 4171 apertius
2690 4077 2770 4143 ad
2827 4077 3340 4164 intelligendum

340 4177 481 4262 est,
534 4181 679 4264 (⁴‘)
758 4180 805 4246 fi
860 4181 945 4247 fic
1016 4179 1385 4246 consistitur
1460 4181 1815 4269 aliquando
1860 4230 1883 4265 ,
1952 4203 2030 4248 ac
2108 4201 2241 4246 non
2333 4179 2446 4247 ista
2517 4176 2834 4246 brevitate
2903 4179 3348 4268 percurritur.

340 4279 671 4365 Apertam
721 4283 901 4346 enim
958 4284 1399 4347 narrationem
1451 4297 1591 4346 tam
1660 4281 1782 4347 effe
1860 4296 2119 4366 oportet
2162 4334 2184 4365 ,
2253 4301 2458 4369 quam
2509 4297 2790 4347 caeterat
2861 4277 2970 4344 sed
3021 4280 3148 4347 hoc
3203 4299 3340 4344 ma-

340 4381 453 4466 gis
504 4381 575 4444 in
632 4381 753 4446 hac
808 4380 1293 4448 elaborandum
1343 4381 1437 4447 est
1476 4431 1499 4464 ,
1566 4380 1738 4470 quod
1792 4383 1862 4449 δε
1926 4373 2258 4448 difficilius
2303 4381 2396 4448 est
2433 4435 2454 4468 ,
2523 4403 2655 4448 non
2705 4379 2826 4446 effe
2875 4379 3224 4448 obscurum
3276 4381 3344 4444 in

340 4499 415 4544 re
468 4483 839 4566 narranda,
890 4501 1098 4571 quam
1151 4498 1264 4548 aut
1314 4482 1381 4546 in
1442 4481 1801 4568 principio,
1855 4498 1970 4551 aut
2023 4483 2095 4547 in
2148 4501 2550 4570 argumento
2597 4535 2618 4567 ‚
2672 4498 2782 4546 aut
2841 4479 2904 4544 in
2961 4479 3347 4571 purgandO,

342 4599 459 4646 aut
512 4583 583 4646 in
635 4583 1061 4669 perorando:
1115 4584 1187 4650 &
1244 4583 1493 4660 majore
1550 4583 1846 4672 periculo
1895 4585 2031 4650 haec
2071 4604 2221 4671 pars
2269 4584 2578 4652 orationis
2629 4580 2900 4648 obscura
2953 4583 3085 4666 est,
3133 4601 3334 4670 quam

1290 4720 1315 4744 r
3123 4705 3241 4747 (33·-

339 4771 3234 4810 mm

410 4919 533 4985 υ)
570 4921 627 4979 ει·
647 4921 777 4999 fic)
828 4919 1011 4980 lamb.
1036 4917 1094 4993 fi
1127 4919 1214 4979 hs:
1361 4959 1378 4982 .
1417 4901 1781 5000 aliq-amani
1811 4958 1830 4979 .
