4359 6321
668 440 1385 545 .LIB·ER
1498 441 2569 545 SECUNDUs.
2895 466 3078 581 199

249 617 257 623 -
322 570 543 645 Locus
596 580 827 635 autem
862 614 887 648 ‚
932 567 1005 633 et
1064 565 1251 653 regio
1296 560 1477 652 quasi
1530 560 1801 633 ridiculi
1858 574 1887 649 (
1940 584 2099 637 nam
2148 568 2214 636 id
2265 572 2564 659 proxIme
2613 574 2811 665 quaeri
2821 588 2930 643 tur
2991 592 3018 669 )
3071 600 3211 651 tur.

226 670 527 764 pitudine
610 670 681 739 dt
766 663 1184 734 deformitate
1258 659 1551 753 quadam
1598 665 1979 736 continetur
2026 712 2046 735 .
2119 670 2282 741 Haec
2349 676 2530 745 enim
2583 676 2880 745 ridentur
2956 680 3062 749 vel
3123 684 3218 751 so.

228 777 297 842 la
342 826 370 860 ‚
443 772 553 842 vel
622 766 917 838 maxime
963 817 987 853 ‚
1054 788 1199 856 quae
1264 776 1496 833 notant
1564 767 1638 837 &
1718 764 2067 855 defignant
2138 770 2614 863 turpitudinem
2694 775 2990 869 aliquam
3083 802 3220 851 non

228 876 545 965 turpiter.

328 974 439 1042 Est
486 987 715 1043 autem
763 1023 788 1060 ‚
858 984 935 1040 ut
984 971 1071 1041 ad
1122 970 1293 1048 illud
1340 970 1613 1041 tertium
1663 970 1933 1043 veniam
1971 1022 1992 1061 ,
2060 973 2157 1043 est
2206 974 2404 1064 plane
2471 978 2756 1049 oratoris
2807 1000 3076 1055 movere
3127 983 3217 1051 ri-

227 1077 433 1171 sum3
490 1075 597 1143 vel
648 1072 823 1165 quod
878 1068 1015 1159 ipsa
1061 1074 1375 1145 hilaritas
1440 1072 1975 1143 benevolentiam
2042 1075 2355 1145 conciliat
2425 1080 2486 1145 ei
2524 1132 2548 1168 ,
2611 1098 2729 1168 per
2779 1104 2982 1173 quem
3031 1084 3216 1155 exci·
3317 1158 3326 1165 ,

226 1196 361 1246 tata
406 1175 507 1247 est
539 1198 567 1238 .-
622 1176 729 1243 vel
780 1172 961 1264 quod
1002 1175 1419 1273 admirantur
1469 1192 1701 1242 omnes
1750 1194 2032 1243 acumen
2082 1198 2226 1245 uno
2274 1173 2440 1265 saepe
2484 1179 2558 1245 in
2614 1176 2820 1247 verbo
2869 1184 3154 1271 positum
3196 1237 3218 1270 ,

228 1280 523 1349 maxime
598 1272 1045 1365 respondentis
1078 1328 1101 1363 ,
1170 1294 1665 1365 nonnunquam
1732 1276 1939 1345 etiam
2010 1274 2438 1344 lacessentis:
2519 1278 2628 1349 vel
2698 1283 2880 1367 quod
2955 1282 3210 1371 frangit

229 1378 671 1449 adversarium
711 1432 736 1466 ‚
803 1373 987 1472 quod
1054 1378 1333 1471 impedit
1370 1428 1394 1465 ,
1460 1374 1637 1465 quod
1680 1376 1897 1445 elevat
1929 1427 1953 1461 ‚
2024 1374 2203 1465 quod
2249 1376 2524 1447 deterret
2555 1431 2584 1465 ‚
2647 1379 2826 1469 quod
2894 1382 3142 1453 refutat
3192 1408 3212 1446 ε

226 1482 337 1551 νει
388 1477 569 1573 quod
620 1478 835 1567 ipsum
884 1492 1212 1550 oratorem
1251 1532 1276 1566 ‚
1344 1476 1628 1567 politum
1696 1474 1837 1545 esse
1886 1475 2232 1546 hominem
2303 1476 2630 1567 fignificat
2667 1531 2690 1565 ,
2771 1481 2948 1571 quod
2993 1481 3218 1553 erudi-

227 1598 377 1649 tum
416 1632 440 1669 ‚
488 1581 665 1670 quod
712 1578 1049 1650 urbanum
1080 1604 1105 1647 z
1180 1583 1608 1670 maximeque
1655 1575 1837 1669 quod
1890 1576 2216 1645 tristitiam
2257 1594 2296 1663 ‚·
2345 1596 2422 1648 ac
2477 1576 2883 1650 severitatem
2951 1585 3218 1673 mitigat

227 1686 299 1753 ἃ
360 1683 655 1768 relaxat,
700 1677 1081 1770 odiosasque
1130 1703 1234 1753 res
1282 1680 1447 1773 saepe
1480 1732 1504 1769 ,
1552 1698 1715 1770 quas
1777 1678 2200 1769 argumentis
2250 1676 2418 1749 dilui
2463 1698 2602 1749 non
2655 1679 2858 1753 facile
2903 1682 2998 1751 est
3032 1735 3056 1772 ,
3123 1682 3216 1761 jo-

227 1806 311 1852 co
362 1780 625 1871 risuque
671 1780 1008 1851 dissolvit·
1924 1794 1931 1803 ·

256 1927 264 1938 .
340 1886 692 1964 Qatenus
746 1897 967 1949 autem
1024 1880 1151 1949 finr
1221 1883 1501 1953 ridicula
1558 1881 1901 1951 traaanda
1948 1884 2257 1968 oratori,
2324 1904 2646 1974 perquam
2713 1882 3066 1975 diligenter
3119 1889 3216 1953 vi-

234 1982 527 2050 dendum
574 1980 710 2049 est:
758 1979 825 2047 id
874 1981 1049 2071 quod
1100 1983 1171 2049 in
1222 2002 1456 2073 quarto
1508 1982 1657 2051 loco
1703 1984 2025 2072 quaerendi
2080 1986 2507 2070 posueramus
2549 2034 2566 2049 .
2639 1989 2822 2053 Nam
2871 2006 2996 2054 nec
3065 1988 3214 2053 insi-

230 2083 387 2169 gnis
436 2080 811 2170 improbitas
854 2085 937 2153 .&
992 2082 1231 2152 scelere
1281 2085 1505 2162 inusta
1547 2136 1568 2169 ‚
1636 2103 1757 2149 nec
1809 2082 2032 2149 rursus
2083 2082 2347 2150 miser-ia
2397 2085 2671 2172 infignis
2739 2090 2983 2175 agitata
3055 2084 3218 2151 ride-

230 2198 377 2252 tur.
416 2180 853 2249 Facinorosos
894 2183 1079 2251 enim
1130 2186 1377 2264 majore
1424 2184 1719 2276 quadarn
1769 2181 1881 2265 vi,
1932 2175 2135 2273 quam
2187 2182 2484 2269 ridiculi,
2537 2185 2876 2254 vulnerari
2929 2180 3204 2253 volunt:

228 2280 501 2349 miseros
554 2281 745 2349 illudi
797 2281 1076 2369 nolunt,
1128 2285 1245 2352 nili
1302 2287 1349 2353 fi
1408 2285 1475 2353 se
1524 2284 1693 2349 forte
1744 2282 2033 2361 jastant.
2089 2281 2510 2353 Parcendum
2563 2283 2658 2353 est
2710 2300 2930 2353 autem
3001 2285 3216 2353 maxi-

230 2402 345 2452 me
394 2382 653 2450 caritati
700 2381 1098 2470 bominum,
1146 2404 1231 2453 ne
1279 2396 1523 2453 temere
1572 2384 1643 2451 in
1692 2402 1813 2449 eos
1862 2380 2083 2465 dicas,
2132 2382 2248 2472 qui
2293 2382 2698 2471 diliguntur.

332 2485 515 2550 LIX.
572 2486 734 2551 Haec
784 2485 989 2573 igitur
1040 2482 1407 2555 adhibenda
1456 2483 1551 2554 est
1597 2487 1889 2570 primum
1939 2484 2009 2549 in
2062 2481 2348 2559 iocando
2395 2485 2794 2553 moderatio.
2847 2490 3078 2575 Itaque
3129 2506 3208 2553 ea

230 2583 550 2651 facillime
607 2582 935 2664 luduntur
975 2636 996 2671 ,
1068 2608 1213 2678 quae
1264 2607 1475 2677 neque
1542 2584 1699 2651 odio
1752 2602 2005 2671 magno
2037 2632 2062 2666 ‚
2128 2602 2344 2671 neque
2411 2581 2852 2652 misericordia
2925 2586 3217 2653 maxima

229 2686 436 2774 digna
490 2682 683 2753 sunt.
744 2684 1194 2767 Quamobrem
1246 2688 1545 2756 materies
1594 2686 1815 2752 omnis
1869 2683 2307 2750 ridiculorum
2357 2682 2448 2750 est
2502 2686 2570 2750 in
2621 2684 2754 2751 istis
2805 2685 3020 2769 vitiis,
3071 2706 3216 2774 quae

232 2786 383 2855 srmt
436 2785 511 2855 in
561 2788 699 2854 vita
745 2784 1101 2855 hominum
1154 2808 1373 2878 neque
1446 2806 1759 2856 carorum
1796 2838 1819 2869 ,
1894 2802 2107 2873 neque
2174 2783 2716 2853 calamitosorum
2755 2836 2776 2865 ,
2845 2804 3058 2875 neque
3107 2806 3220 2855 eoa

228 2909 424 2976 rum,
472 2890 587 2979 qui
634 2886 721 2955 ob
772 2884 1031 2957 facinus
1083 2890 1165 2959 ad
1236 2888 1629 2979 supplicium
1683 2882 1980 2975 rapiendi
2032 2883 2338 2958 videntur
2377 2912 2409 2972 ,-
2466 2904 2677 2977 eaque
2727 2883 2898 2954 belle
2971 2887 3216 2975 agitata

230 2988 575 3061 ridentur.

334 3090 445 3156 Est
494 3092 695 3157 etiam
745 3092 1187 3162 deformitatis
1227 3145 1249 3179 ,
1322 3098 1397 3166 δε
1450 3094 1753 3184 corporis
1808 3090 2123 3162 vitiorum
2176 3088 2332 3157 satis
2381 3088 2554 3159 bella
2633 3090 2938 3157 materies
2987 3088 3072 3155 ad
3125 3090 3218 3170 io-

232 3191 568 3260 candum.
618 3189 743 3255 Sed
794 3194 1155 3279 quaerimus
1206 3193 1384 3260 idem
1424 3245 1445 3279 ,
1512 3195 1692 3283 quod
1744 3197 1813 3261 in
1860 3197 2114 3260 caeteris
2169 3189 2358 3258 rebus
2429 3191 2722 3257 maxime
2793 3189 3219 3278 quaerendum

231 3290 391 3372 est‘,
464 3303 785 3375 quatenus
824 3336 839 3353 .
914 3293 993 3356 In
1043 3312 1181 3379 quo
1228 3313 1364 3360 non
1422 3296 1615 3359 modo
1666 3291 1835 3358 illud
1891 3292 2262 3377 praecipitur
2305 3341 2327 3372 ,
2396 3309 2478 3355 ne
2531 3287 2686 3376 quid
2737 3285 3040 3372 insulse3
3111 3287 3218 3353 sed

234 3390 481 3470 etiam,
538 3388 583 3454 st
634 3387 791 3474 quid
846 3390 1237 3476 perridicule
1286 3390 1478 3478 possis
1520 3437 1538 3458 .
1614 3389 1989 3457 Vitandum
2034 3389 2131 3455 est
2179 3387 2418 3454 oratori
2467 3403 2824 3473 utrumque
2865 3434 2888 3468 ‚
2959 3405 3044 3452 ne
3107 3399 3222 3450 aut

234 3487 537 3584 scurrilis
586 3489 772 3565 jocus
825 3487 945 3575 fit,
992 3507 1109 3557 aut
1162 3494 1474 3580 mimicus
1504 3544 1524 3564 .
1554 3573 1563 3582 .
1596 3495 1762 3578 Quae
1796 3485 2188 3578 ‚cuiusmodi
2243 3483 2410 3582 sint,
2481 3483 2740 3551 facilius
2791 3484 2926 3562 jam
2973 3481 3222 3552 intelli-

228 3609 515 3676 gemm,
566 3610 727 3655 cum
774 3587 855 3654 ad
908 3587 1043 3678 ipsa
1097 3577 1525 3660 ridiculorum
1578 3578 1825 3682 genera
1884 3575 2296 3656 venerimus.

340 3691 499 3755 Duo
546 3692 729 3758 enim
788 3688 935 3757 sunt
990 3711 1239 3780 genera
1292 3692 1683 3760 facetiarum
1722 3743 1744 3776 ,
1814 3709 2101 3779 quorum
2134 3687 2438 3764 alterum
2489 3707 2561 3754 re
2607 3683 2928 3752 tristatur
2969 3737 2991 3768 ,
3065 3689 3222 3755 alto·

231 3810 390 3857 rum
444 3787 623 3858 dieto
660 3839 678 3856 .
741 3796 841 3858 Re
883 3843 905 3877 ,
958 3791 1003 3857 fi
1056 3791 1319 3880 quando
1366 3790 1527 3882 quid
1565 3844 1585 3877 ,
1652 3807 1973 3880 tanquam
2029 3789 2252 3877 aliqua
2320 3782 2560 3852 fabella
2603 3839 2628 3872 ,
2697 3799 3004 3852 narratur
3048 3809 3070 3846 :
3145 3801 3222 3852 ut

229 3891 394 3958 olim
450 3908 564 3976 tu,
615 3891 881 3976 Crasse,
932 3892 999 3957 in
1056 3893 1505 3976 Memmium,
1572 3887 1895 3975 comediffe
1947 3909 2095 3955 eum
2168 3886 2485 3952 lacertum
2555 3892 2780 3970 Lat-gii
2821 3935 2844 3970 ‚
2912 3903 3070 3952 cum
3119 3882 3218 3952 es-

232 3990 325 4058 stt
375 4013 533 4060 cum
581 4015 662 4060 eo
720 3993 1099 4061 Tarracinae
1173 3995 1254 4060 de
1333 3991 1622 4060 amicula
1672 3991 1927 4059 rixatus
1962 4038 1979 4054 .
2071 3985 2252 4056 Salsa
2301 4001 2472 4072 tota,
2517 4005 2596 4054 ac
2651 4003 2878 4051 tamen
2929 4001 2966 4050 a
3023 3983 3222 4073 teipso

232 4092 435 4179 siaa,
490 4097 812 4161 narrat10.
876 4091 1207 4160 Addidisti
1261 4089 1629 4161 clausulam
1668 4144 1688 4177 ,
1764 4107 1901 4158 tota
1957 4086 2323 4157 Tarracina
2391 4101 2538 4152 tum
2593 4079 2905 4152 omnibus
2971 4085 3042 4150 in
3111 4105 3224 4174 pa·

232 4193 499 4262 rietibus
554 4194 891 4282 inscriptas
950 4193 1131 4262 fuifl'e
1182 4194 1451 4278 literas,
1500 4193 1627 4259 tria
1680 4197 1842 4258 LLL
1886 4243 1910 4276 ,
1954 4191 2091 4257 duo
2140 4189 2310 4252 ΜΜ.
2360 4190 2538 4257 Cum
2586 4205 2907 4276 quaereres
2956 4186 3022 4251 id
3061 4184 3224 4276 quid

232 4297 422 4384 effer,
476 4295 693 4366 senem
747 4293 1253 4388 tibi-quendam
1302 4289 1703 4382 oppidanum
1755 4289 2021 4377 dixisse,
2085 4296 2288 4378 (75)
2347 4292 2618 4388 Lacerat
2673 4287 3014 4354 Lac-ertum
3067 4291 3224 4354 Laer..

3021 4395 3124 4473 gii

307 4775 471 4844 (75)
524 4783 757 4832 Lacerat
804 4773 1082 4830 lacertum
1116 4777 1142 4838 )
1212 4773 1381 4830 Hunc
1462 4766 1679 4828 versum
1779 4785 1883 4827 nus
1918 4783 2037 4822 cum
2072 4779 2250 4843 ageret
2283 4761 2626 4843 Tarracinae3
2665 4756 3030 4840 mulierculam
3059 4773 3230 4828 quan-

234 4842 461 4902 Crassus
496 4865 683 4903 orator
719 4841 791 4901 us
819 4863 883 4900 ue
920 4844 1051 4900 adeo
1090 4843 1255 4915 vulgo
1286 4843 1531 4912 jactatum
1568 4839 1681 4907 ait,
1783 4838 1903 4894 dam
1938 4834 2251 4906 deperibat,
2291 4831 2384 4914 sed
2423 4853 2536 4892 non
2568 4849 2706 4910 citra
2742 4828 2978 4908 riualem·
3004 4869 3020 4886 .
3075 4825 3226 4884 Cum

234 4933 295 4971 ut
348 4917 661 4976 Tarracinae
724 4863 911 4989 paqfim
966 4913 1026 4972 in
1078 4915 1329 4972 omnibus
1381 4911 1678 4985 parietibus
1785 4907 1891 4966 hoc
1930 4907 2099 4979 igitur
2137 4923 2258 4962 cum
2307 4901 2596 4976 ahquaudo
2651 4917 2767 4958 rixa
2809 4895 3125 4960 incidisset,
3161 4913 3231 4950 eo

230 4985 535 5067 inscriptus
576 4986 877 5046 viseretur.
914 4986 1105 5044 Fabula
1135 5027 1153 5052 ,
1200 4983 1344 5044 unde
1381 5001 1565 5041 natum
1602 4980 1681 5040 est
1782 4977 2074 5036 iracundiae
2128 4975 2420 5050 proveaus
2468 4971 2548 5030 est
2605 4967 2888 5029 Memmius
2923 5004 2940 5029 ,
2995 4982 3057 5024 ut
3097 4963 3229 5030 Lar..

234 5059 515 5132 adagium,
556 5059 627 5120 fic
666 5058 858 5120 habet.
896 5057 1187 5118 Memmius
1221 5054 1437 5130 quidam
1473 5057 1681 5117 Roma·
1784 5051 1861 5123 gii
1896 5055 2071 5116 (mm
2107 5045 2167 5104 id
2203 5042 2366 5105 rivali
2403 5045 2648 5106 nomen)
2700 5033 2980 5094 brachium
3019 5033 3233 5172 mffissi·
