4359 6321
1280 511 1448 600 152
2008 477 2241 567 DE
2362 466 3320 565 ORATORE

1145 604 1322 674 noffe
1367 598 1572 665 aliam
1625 598 1928 687 linguam
1980 596 2309 662 videretur
2347 643 2370 678 ‚
2420 594 2491 661 δε
2550 592 2920 661 dostoribus
2971 594 3204 661 nostris
3254 616 3331 662 ea
3382 608 3627 683 ponere
3672 594 3741 659 in
3792 604 4129 683 percotan-

1146 703 1232 769 do
1263 756 1286 788 ‚
1329 722 1538 788 eaque
1589 698 1804 787 ipsum
1857 698 2038 765 omni
2091 697 2158 761 in
2216 693 2511 761 sermone
2561 694 2840 762 traetare
2882 747 2902 779 ,
2968 712 3044 761 ut
3099 696 3264 762 nihil
3316 697 3438 764 esse
3488 695 3547 763 ei
3601 714 3851 761 novum
3892 747 3912 779 ,
3947 694 4131 783 ‚nihil

1147 802 1525 869 inauditum
1581 802 1914 869 videretur
1951 848 1966 863 .
2039 798 2145 863 De
2214 797 2511 861 Antonio
2568 816 2724 861 vero
2764 848 2783 881 ,
2855 817 3239 885 quanquam
3294 798 3451 885 saepe
3519 816 3603 861 ex
3660 794 4131 863 humaniffimo

1147 904 1461 988 homine,
1512 918 1747 990 patruo
1799 898 2015 967 nostro
2057 950 2077 981 ‚
2129 917 2632 982 acceperamus,
2686 896 3259 985 quemadmodum
3321 898 3429 965 ille
3484 898 3589 963 vel
3648 898 3973 981 AtheniS,
4026 897 4127 961 vel

1145 1004 1367 1072 Rhodi
1439 1004 1503 1072 se
1569 1002 2083 1072 doeiiffimorum
2150 999 2505 1065 hominum
2563 996 2966 1064 sermonibus
3016 998 3329 1085 dedisset3
3405 1014 3629 1063 tamen
3708 998 3841 1085 ipse
3913 996 4129 1063 adole-

1145 1105 1483 1174 scentulus
1518 1156 1537 1187 ‚
1589 1118 1914 1191 quantum
1969 1099 2151 1167 illius
2202 1098 2491 1169 ineuntis
2538 1100 2743 1164 aetatis
2798 1118 2962 1165 meae
3014 1097 3384 1186 patiebatur
3438 1101 3649 1186 pudor
3691 1148 3713 1184 ,
3783 1097 3997 1165 multa
4044 1118 4124 1164 ex

1143 1228 1226 1273 eo
1279 1208 1437 1291 sirpe
1485 1202 1747 1290 quaefivi
1785 1249 1801 1267 .
1859 1206 2013 1267 Non
2066 1200 2189 1266 erit
2241 1198 2539 1286 profe&o
2588 1198 2763 1282 tibi,
2813 1197 2987 1289 quod
3045 1198 3254 1268 scribo
3290 1254 3311 1285 ‚
3360 1200 3487 1267 hoc
3546 1215 3801 1269 novum
3842 1252 3861 1284 ,
3916 1209 4126 1285 (nam

1143 1307 1277 1383 jam
1329 1320 1477 1370 tum
1527 1325 1611 1370 ex
1665 1323 1773 1369 me
1825 1300 2132 1369 audiebas
2175 1310 2201 1385 J
2277 1300 2442 1366 mihi
2490 1298 2687 1366 illum
2740 1322 2821 1365 ex
2880 1301 3111 1369 multis
3152 1351 3186 1387 ,.
3247 1300 3575 1389 variisque
3652 1297 4059 1368 sermonibus
4110 1352 4129 1384 ,

1139 1405 1402 1474 nullius
1452 1406 1544 1470 rei
1585 1458 1605 1489 ,
1655 1426 1797 1492 quae
1847 1400 2118 1491 quidem
2167 1400 2321 1465 esset
2373 1402 2440 1465 in
2490 1402 2595 1465 his
2649 1400 2893 1471 artibus
2934 1454 2955 1487 ‚
3028 1402 3111 1467 de
3162 1400 3400 1489 quibus
3450 1400 3703 1491 aliquid
3752 1400 4129 1469 existimare

1143 1508 1384 1594 poffem
1423 1558 1443 1590 ‚
1498 1503 1725 1571 rudem
1780 1519 1894 1585 aut
1946 1506 2260 1589 ignarum
2311 1502 2429 1568 effe
2486 1499 2703 1567 visum
2754 1550 2769 1565 .
2845 1504 2969 1568 Sed
3025 1502 3150 1566 fuit
3204 1504 3330 1569 hoc
3382 1506 3449 1568 in
3502 1522 3782 1590 utroque
3834 1520 4069 1569 eorum
4110 1552 4131 1587 ‚

1142 1623 1218 1673 ut
1270 1606 1525 1671 Crassus
1559 1657 1580 1691 ‚
1645 1626 1779 1671 non
1832 1620 1970 1667 tam
2022 1600 2384 1669 existimari
2440 1601 2641 1669 vellet
2694 1624 2825 1668 non
2878 1602 3157 1668 didiciss‘e
3197 1656 3215 1687 ,
3284 1624 3490 1692 quam
3562 1604 3682 1669 illa
3752 1602 4072 1689 despicere
4110 1644 4169 1685 ‚-

1147 1710 1218 1776 &
1277 1704 1650 1772 nostrorum
1701 1706 2056 1773 hominum
2109 1704 2174 1770 in
2230 1703 2421 1769 omni
2474 1724 2714 1791 genere
2763 1702 3181 1789 prudentiam
3234 1705 3483 1768 Graecis
3538 1703 3923 1767 anteferre:
3986 1706 4137 1766 An-

1149 1808 1368 1874 tonius
1415 1823 1638 1875 autem
1693 1816 1841 1892 (3)
1891 1803 2382 1891 probabiliorem
2434 1806 2559 1871 hoc
2612 1804 2849 1892 populo
2902 1804 3261 1869 orationem
3325 1803 3465 1867 fore
3539 1800 3837 1869 censebat
3896 1800 4143 1888 suam,

1145 1907 1199 1974 st
1249 1907 1525 2004 omnino
1573 1905 1853 1973 didicisse
1903 1924 2248 1993 nunquam
2301 1921 2643 1992 putaretur
2678 1914 2949 1989 :atque
3004 1904 3093 1967 ita
3149 1902 3211 1967 se
3266 1920 3537 1988 uterque
3594 1899 3971 1988 graviorem
4026 1903 4127 1971 fo-

1147 2028 1256 2092 re,
1313 2009 1358 2073 fi
1411 2007 1574 2074 alter
1629 1996 2108 2092 contemnere,
2158 2002 2321 2069 alter
2374 2024 2460 2069 ne
2512 2004 2683 2069 noffe
2735 2003 3003 2089 quidem
3058 2004 3321 2069 Graecos
3376 2000 3751 2067 videretur.
3806 2004 4123 2081 Quorum

1146 2107 1494 2174 consilium
1545 2110 1744 2194 quale
1801 2106 1995 2171 fuerit
2037 2156 2056 2188 ,
2133 2104 2299 2168 nihil
2356 2101 2506 2167 sane
2560 2101 2641 2166 ad
2691 2103 2813 2165 hoc
2874 2118 3136 2187 tempus
3175 2151 3188 2166 .
3265 2100 3443 2169 Illud
3496 2122 3717 2168 autem
3784 2100 3875 2175 est
3926 2101 4133 2182 hujus

1143 2206 1448 2275 institutae
1499 2205 1866 2293 scriptIonis
1915 2226 1993 2271 ac
2045 2202 2354 2290 temporis
2394 2251 2415 2285 ‚
2488 2206 2829 2270 neminem
2878 2202 3252 2290 eloquentia
3292 2256 3311 2288 ‚
3385 2222 3520 2267 non
3574 2202 3769 2271 modo
3843 2202 3975 2269 fine
4028 2206 4133 2271 cli-

1032 2316 1043 2325 “
1145 2308 1344 2377 cendi
1394 2308 1689 2377 doctrina
1730 2360 1749 2391 ,
1821 2303 1925 2373 sed
1993 2325 2077 2371 ne
2147 2303 2281 2369 fine
2351 2303 2537 2371 omni
2608 2304 2881 2390 quidem
2934 2302 3237 2390 sapientia
3278 2356 3297 2389 ,
3370 2301 3606 2373 florere
3677 2324 3974 2394 unquam
4050 2309 4125 2374 δε

1147 2410 1446 2497 praestare
1499 2407 1803 2496 potuiffe.

1159 2536 1173 2557 e
1251 2513 1338 2571 11.
1395 2510 1656 2573 Etenim
1705 2520 1952 2571 caeterae
2004 2506 2134 2569 fere
2188 2516 2355 2569 artes
2428 2502 2493 2569 se
2541 2501 2689 2591 ipsae
2757 2524 2869 2593 per
2928 2503 2991 2573 se
3044 2522 3311 2577 tuentur
3386 2506 3656 2597 fingulae
3792 2517 3889 2597 4)
3962 2504 4133 2571 bene

1145 2607 1364 2671 dicere
1415 2623 1636 2672 autem
1677 2653 1697 2685 ,
1765 2604 1942 2690 quod
1991 2602 2082 2668 est
2137 2601 2407 2670 scienter
2449 2656 2470 2687 ,
2524 2607 2593 2673 δε
2654 2608 2857 2691 perite
2895 2657 2915 2689 ,
2992 2609 3060 2675 &
3115 2624 3341 2674 ornate
3394 2608 3613 2677 dicere
3657 2660 3676 2692 ,
3730 2518 3868 2677 §lon
3923 2602 4123 2673 habet

1145 2702 1488 2771 definitam
1541 2706 1836 2795 aliquam
1891 2706 2228 2793 regionem
2265 2757 2287 2787 ,
2356 2705 2545 2781 cujus
2600 2706 2897 2770 terminis
2955 2705 3128 2790 septa
3178 2723 3479 2774 teneatur
3520 2757 3537 2775 .
3594 2711 3843 2777 Omnia
3884 2761 3904 2794 ‚
3954 2728 4133 2796 quae—

1148 2828 1435 2895 cumque
1491 2808 1558 2873 in
1608 2807 1962 2873 hominum
2014 2802 2547 2890 disceptationem
2598 2802 2831 2867 cadere
2884 2803 3139 2887 possunt
3178 2855 3199 2886 ,
3272 2804 3431 2871 bene
3483 2807 3632 2873 sunt
3686 2809 3747 2870 ei
3804 2805 4141 2891 dicenda,

1149 2908 1260 2995 qui
1314 2908 1438 2973 hoc
1493 2905 1555 2971 se
1605 2911 1770 2995 poste
1822 2904 2225 2994 profitetur3
2282 2917 2393 2968 aut
2447 2902 2829 2990 eloquentiae
2882 2920 3126 2966 nomen
3178 2902 3692 2989 relinquendum
3740 2902 3884 2969 est.
3944 2912 4151 2991 Qua-

1148 3026 1220 3072 re
1273 3005 1577 3095 equidem
1630 3012 1698 3077 &
1758 3006 1822 3071 in
1867 3006 2092 3072 nostra
2139 3005 2448 3088 civitate,
2502 3007 2571 3073 δε
2630 3003 2697 3069 in
2753 3000 2883 3089 ipsa
2907 3001 3206 3086 Gra-cia,
3248 3024 3398 3089 qua:
3454 3002 3706 3088 semper
3756 3001 3892 3071 haec
3946 3004 4149 3071 sum..

1149 3128 1263 3176 ma
1315 3110 1502 3175 duxit
1545 3163 1564 3194 ,
1621 3109 1864 3176 multos
1921 3110 1988 3177 &
2048 3106 2374 3195 ingeniis,
2431 3107 2501 3175 &
2560 3121 2804 3193 magna
2854 3102 3049 3169 laude
3096 3102 3353 3172 dicendi
3407 3102 3536 3172 fine
3591 3102 3849 3172 summa
3902 3124 4148 3176 rerum

1151 3212 1457 3278 omnium
1513 3211 1774 3279 scientia
1833 3208 2012 3276 fuisse
2063 3208 2267 3274 fateor
2304 3231 2325 3267 .·
2382 3207 2582 3273 talem
2639 3227 2799 3272 vero
2847 3203 3123 3272 existere
3170 3204 3658 3294 eloquentiam,
3710 3209 3929 3296 quali&
3986 3205 4141 3275 fue-

1149 3315 1238 3379 rit
1288 3318 1356 3380 in
1406 3313 1626 3379 Crasso
1715 3317 1786 3382 &
1859 3310 2158 3376 Antonio
2196 3362 2217 3396 ‚
2286 3328 2421 3374 non
2496 3309 2785 3396 cognitis
2838 3305 3029 3372 rebus
3082 3305 3389 3374 omnibus
3442 3361 3463 3392 ‚
3520 3331 3663 3398 quae
3739 3309 3822 3373 ad
3872 3325 4136 3376 tantam

1153 3413 1572 3501 prudentiam
1624 3417 2027 3504 pertinerent
2061 3462 2084 3497 ‚
2157 3424 2540 3499 tantamque
2588 3409 2849 3476 dicendi
2904 3409 3157 3494 copiam
3198 3460 3217 3494 ,
3288 3428 3533 3498 quanta
3601 3411 3669 3475 in
3740 3409 3873 3476 illis
3930 3410 4055 3478 fuit
4114 3463 4136 3496 ‚

1149 3537 1282 3583 non
1339 3517 1604 3603 potuiffe
1659 3515 2020 3582 confirmo.

1253 3619 1416 3696 Quo
1465 3618 1664 3682 etiam
1719 3616 1848 3682 feci
1899 3613 2211 3680 libentius
2256 3662 2275 3702 ,
2346 3625 2419 3680 ut
2464 3631 2621 3680 eum
2678 3611 3042 3683 sermonem
3083 3664 3105 3698 ,
3171 3633 3368 3701 quem
3421 3613 3518 3680 illi
3568 3611 3913 3702 quondam·
3952 3614 4131 3680 inter

3963 3712 4025 3779 se

1155 3911 4121 3984 m

1223 4053 1346 4122 (3)
1385 4049 1802 4105 Probabiliorem
1841 4047 1945 4108 hoc
1976 4051 2222 4123 populo)
2261 4049 2351 4109 Ut
2390 4048 2443 4106 se
2485 4049 2580 4105 ha-

1145 4118 1234 4175 bet
1273 4119 1483 4198 vulgata
1519 4119 1723 4198 leetiQ
1754 4140 1864 4178 vox
1899 4122 1994 4178 hoc
2025 4123 2215 4178 eodem
2234 4120 2390 4179 sensu
2424 4163 2439 4186 ‚
2472 4140 2580 4192 quo

1147 4212 1202 4249 eo
1236 4207 1466 4262 ponitur
1499 4191 1915 4250 adverbialiter:
1957 4192 2050 4250 sed
2087 4213 2331 4265 utraeque
2368 4191 2581 4264 semper

1145 4261 1524 4334 comparativis
1563 4279 1959 4334 praeponuntur
1999 4306 2018 4330 ,
2049 4284 2108 4322 ut
2146 4259 2286 4336 saepe
2321 4264 2459 4334 apud
2478 4263 2582 4321 Ci-

1145 4349 1407 4390 ceronem
1446 4330 1604 4390 habes
1639 4334 1734 4389 hoc
1761 4333 1997 4404 facilius
2022 4377 2037 4401 ,
2071 4337 2164 4392 hoc
2204 4341 2384 4406 magis
2419 4377 2437 4400 ,
2486 4335 2582 4391 hoc

1151 4404 1432 4473 inferiores
1469 4408 1574 4460 &a
1611 4403 1772 4464 Adde
1809 4406 1970 4462 etiam
1996 4449 2014 4472 ,
2055 4407 2200 4478 quod
2238 4408 2334 4467 hoc
2368 4405 2580 4478 semper

1149 4473 1308 4552 habet
1349 4475 1438 4530 vel
1474 4477 1874 4544 praecedentcm
1903 4518 1921 4542 ,
1977 4479 2067 4534 vel
2107 4476 2162 4534 se
2206 4497 2423 4536 nentem
2453 4497 2581 4551 par-

1147 4545 1366 4604 ticulam
1404 4548 1550 4622 quod
1573 4582 1590 4611 ‚
1625 4547 1716 4602 vel
1752 4553 1888 4622 quia
1911 4589 1927 4612 ,
1961 4546 2053 4605 sed
2095 4548 2151 4605 in
2190 4568 2280 4605 roc
2313 4549 2436 4607 loco
2470 4568 2581 4606 vox

1145 4617 1242 4674 hec
1293 4615 1644 4696 postponitur
1691 4619 2063 4690 comparativo
2094 4661 2111 4684 ,
2161 4625 2218 4676 δε
2271 4641 2389 4678 non
2426 4620 2583 4678 aliam

1147 4685 1308 4770 habet
1327 4689 1638 4768 particulam
1657 4730 1674 4754 ‚
1712 4708 1866 4760 quam
1894 4688 1952 4762 fi
1965 4732 1980 4756 ,
2019 4689 2401 4762 insequentem
2422 4731 2445 4746 .
2475 4693 2583 4748 Fa-

1145 4759 1243 4816 cih
1282 4762 1448 4829 igitur
1481 4761 1779 4820 mutatione
1819 4761 1996 4818 locum
2034 4761 2102 4818 fic
2141 4762 2272 4819 licet
2326 4762 2583 4820 restitue-

1143 4851 1240 4891 τος
1297 4836 1584 4888 Antonius
1621 4849 1813 4888 autem
1867 4832 2285 4906 probabiliorem
2322 4833 2453 4891 huic
2486 4849 2581 4905 po-

1131 4905 1264 4972 pulo
1299 4907 1599 4962 orationem
1662 4924 1749 4959 ore
1778 4901 2034 4974 censebat
2071 4903 2243 4976 suam
2277 4946 2293 4970 ‚
2318 4904 2377 4978 fi
2415 4945 2431 4972 ‚
2474 4911 2579 4962 &c-

1139 4973 1270 5031 huic
1305 4974 1544 5045 populo,
1584 4974 1599 5030 i
1678 4973 1788 5040 est,
1827 4975 2037 5048 populo
2073 4980 2324 5035 Romano
2360 5017 2375 5031 .
2434 4981 2579 5036 Nota

1140 5039 1256 5103 haec
1296 5044 1373 5102 est
1397 5087 1415 5114 ,
1443 5049 1499 5104 ὅ(
1541 5045 1752 5118 vulgata
1789 5045 2079 5106 Ciceronis
2117 5047 2323 5108 locutio
2360 5089 2375 5106 .
2415 5047 2500 5108 Sic
2538 5047 2577 5104 l.

2692 4067 2737 4103 1.
2774 4066 2821 4103 c.
2862 4063 2949 4116 51.
2986 4047 3082 4120 qui
3118 4049 3176 4100 in
3234 4043 3341 4100 hoc
3394 4041 3608 4119 populo
3655 4041 3874 4116 foroque
3928 4043 4131 4114 versa-

2684 4137 2844 4176 mur.
2878 4117 3129 4175 Omnem
3162 4133 3335 4174 aurem
3374 4115 3775 4169 dubitationem
3818 4151 3835 4176 ,
3876 4113 4091 4182 opinor
4114 4156 4135 4181 ‚

2684 4190 2885 4246 eximet
2924 4191 2964 4247 1.
3005 4209 3054 4243 2.
3093 4207 3139 4244 c.
3180 4200 3264 4260 36.
3294 4186 3390 4242 ubi
3430 4181 3533 4240 ἷκε
3573 4179 4006 4261 diffimulationis
4048 4205 4151 4241 ra-

2685 4261 2896 4318 tionem
2948 4257 3181 4315 reddens
3233 4256 3512 4316 Antonius
3563 4254 3743 4310 dicit:
3794 4247 4003 4324 semper
4044 4276 4145 4326 ego

2687 4331 3012 4402 existimavi
3044 4329 3421 4399 jucundiorem
3436 4325 3508 4394 ό·
3543 4323 3975 4398 probabiliorem
3990 4322 4131 4384 huic

2685 4402 2895 4476 populo
2930 4419 3196 4460 oratorem
3225 4401 3351 4472 fore
3371 4442 3387 4466 ‚
3424 4404 3529 4456 διε.
3567 4401 3824 4456 Pearcs'us
3846 4435 3861 4453 .

2756 4479 2874 4545 (4)
2906 4484 3050 4532 Bene
3086 4473 3256 4530 dicere
3292 4488 3483 4528 autem
3520 4511 3535 4526 .
3571 4509 3587 4526 .
3627 4509 3642 4524 .
3680 4472 3834 4537 cujus
3881 4474 4139 4529 terminis

2682 4543 2831 4616 septa
2866 4549 3169 4606 teneatur)
3210 4543 3493 4600 Lambinus
3532 4541 3666 4611 legit
3688 4541 3946 4611 septum:
3986 4540 4141 4613 quod

2686 4613 3020 4674 verissimum
3058 4633 3195 4686 puto
3228 4653 3243 4669 .
3294 4623 3487 4670 Dtcere
3522 4614 3674 4670 enim
3710 4612 3787 4670 est
3824 4613 4007 4672 modus
4048 4615 4143 4670 in-

2684 4686 2939 4747 finitivus
2977 4681 3307 4744 substantive
3344 4701 3591 4758 acceptus
3624 4725 3642 4751 ‚
3664 4687 3721 4742 δε
3762 4685 4003 4742 neutrius
4040 4704 4137 4756 ge-

2690 4759 2869 4815 neris·
2904 4761 3081 4817 Immo
3120 4758 3266 4832 quod
3302 4759 3549 4816 neutrius
3582 4755 3661 4813 est
3696 4755 3917 4826 generis
3959 4776 3981 4819 ,-
4021 4773 4137 4811 vox

2683 4830 2849 4900 igitur
2870 4829 3034 4914 septa
3070 4825 3330 4887 feminini
3362 4829 3577 4900 generis
3616 4825 3747 4885 ferri
3784 4848 3899 4885 non
3917 4826 4099 4899 potest
4122 4865 4144 4881 .

2688 4911 2944 4960 Pearcrus
2986 4941 3001 4956 .
3050 4900 3105 4959 Si
3146 4919 3274 4958 vera
3308 4899 3475 4958 lestio
3510 4899 3587 4956 est
3618 4941 3635 4966 ‚
3668 4901 3829 4972 septa
3852 4920 3875 4964 ς
3913 4919 4006 4956 ars
4044 4897 4139 4954 in-

2688 4973 2991 5046 telligitur,
3027 4991 3095 5028 ex
3136 4971 3248 5032 illis
3278 4972 3758 5032 antecedentibus:
3798 4977 4017 5035 Etenim
4045 4991 4141 5026 ca-

2696 5062 2817 5105 tere
2850 5045 2968 5119 fere
3002 5059 3187 5103 artes.
3224 5048 3591 5116 Anonymus.
