4359 6321
1873 257 1914 352 x

803 494 1430 585 LIBER
1547 492 2625 587 SECUNDUS·
2954 504 3129 619 165

357 616 526 684 Hoc
579 612 767 698 loco,
814 633 898 679 ne
951 634 1076 703 qua
1133 612 1210 679 fit
1261 611 1608 679 admiratio
1648 664 1668 699 ‚
1721 614 1767 680 fi
1819 628 1912 681 tot
1957 667 1977 702 ‚
2028 630 2495 705 tantarumque
2548 632 2771 683 rerum
2824 617 3011 684 nulla
3060 640 3257 686 ame

222 728 583 805 praecepta
638 728 1008 805 ponentur,
1059 712 1144 783 fic
1199 710 1442 783 statuo.
1503 716 1597 779 Ut
1648 716 1714 779 in
1771 718 2020 783 caeteris
2075 714 2377 803 artibus,
2428 738 2587 791 cum
2636 714 2873 785 tradita
2930 716 3079 783 sunt
3132 742 3251 787 cu-

223 818 496 909 jusque
552 818 708 884 artis
757 814 1190 900 difficillima,
1241 816 1538 905 reliqua,
1588 816 1742 904 quia
1797 834 1912 885 aut
1965 816 2303 903 faciliora,
2354 834 2473 885 aut
2527 818 2761 887 similia
2814 816 2934 885 fint
2986 870 3007 902 ‚
3080 818 3257 885 tradi

216 942 378 985 non
445 920 696 987 neceffe
747 917 906 984 else:
959 934 1032 983 ut
1083 917 1158 983 in
1208 917 1464 1007 pictura
1506 970 1527 1003 ‚
1591 921 1704 1007 qui
1759 917 2052 984 hominis
2105 916 2384 1006 speciem
2437 921 2705 1009 pingere
2760 918 3255 1010 perdidicerit,

217 1018 424 1106 poffe
469 1040 640 1088 eum
692 1016 994 1097 cujusvis
1047 1018 1154 1085 vel
1208 1020 1484 1104 formae,
1535 1020 1640 1085 vel
1693 1022 1898 1087 aetatis
1933 1071 1954 1104 ,
1999 1016 2253 1085 etiamsi
2304 1040 2437 1086 non
2488 1020 2786 1089 didicerit
2827 1075 2848 1109 ,
2899 1024 3177 1112 pingere
3232 1044 3251 1083 :

211 1126 464 1209 nequ'e
516 1122 638 1189 effe
691 1120 1062 1209 periculum
1103 1172 1124 1207 ‚
1172 1121 1288 1208 qui
1341 1120 1599 1188 leonem
1647 1138 1758 1188 aut
1817 1138 2082 1187 taurum
2135 1121 2363 1209 pingat
2420 1123 2746 1215 egregie†‚
2818 1145 2899 1190 ne
2950 1122 3129 1191 idem
3178 1122 3253 1187 in

211 1223 487 1290 multis
537 1224 686 1290 aliis
759 1219 1287 1312 quadrupedibus
1361 1218 1577 1289 facere
1651 1243 1784 1289 non
1839 1222 2018 1309 poffit
2057 1245 2078 1282 :
2156 1241 2373 1309 neque
2422 1223 2605 1287 enim
2672 1222 2765 1287 est
2817 1225 3090 1291 omnino
3140 1244 3251 1289 ars

210 1324 431 1409 ulla,
487 1326 558 1391 in
609 1325 1062 1413 quatomnia,
1112 1346 1258 1413 quae
1309 1324 1429 1390 illa
1477 1340 1616 1389 arte
1665 1322 1832 1389 effici
1889 1322 2138 1409 poffunt
2176 1375 2197 1410 ,
2266 1342 2303 1387 a
2350 1318 2613 1389 doctore
2668 1322 3079 1409 tradantur,·
3138 1322 3249 1388 sed
3300 1374 3307 1381 .

207 1426 342 1513 q’ui
405 1426 780 1511 primarum
834 1430 906 1495 δε
962 1441 1296 1493 certarum
1352 1445 1582 1491 rerum
1651 1442 1898 1512 genera
1969 1422 2102 1510 ipsa
2155 1420 2525 1490 didicerunt
2567 1475 2587 1508 ,
2658 1423 2903 1513 reliqua
2958 1444 3093 1491 non
3148 1425 3247 1489 in-

207 1528 602 1592 commode
659 1526 1192 1616 persequuntur‘:
1266 1525 1560 1593 similiter
1614 1524 1894 1592 arbitror
1931 1578 1951 1609 ,
2026 1524 2096 1591 in
2147 1525 2271 1591 hac
2328 1522 2459 1589 five
2509 1524 2759 1591 ratione
2799 1578 2819 1610 ‚
2871 1525 3003 1593 five
3054 1544 3244 1591 exer-

203 1625 556 1693 citatione
607 1626 908 1713 dicendi,
958 1629 1073 1717 qui
1125 1628 1312 1695 illam
1365 1628 1506 1695 vim
1564 1625 1837 1716 adeptus
1891 1626 2007 1712 fit,
2057 1646 2129 1691 ut
2179 1646 2415 1693 eorum
2467 1639 2724 1693 mentes
2765 1678 2784 1708 ‚
2834 1627 2947 1712 qui
3000 1642 3113 1695 aut
3164 1627 3245 1692 de

203 1716 579 1815 republica
610 1783 628 1813 ‚
705 1746 821 1799 aut
889 1727 968 1796 de
1018 1722 1214 1817 i'pfius
1263 1726 1457 1797 rebus
1501 1782 1518 1815 ,
1591 1744 1706 1797 aut
1755 1727 1836 1795 de
1886 1728 1966 1794 iis
2003 1780 2026 1813 ‚
2095 1744 2328 1794 contra
2381 1744 2543 1815 quos
2588 1778 2605 1808 ,
2680 1740 2793 1791 aut
2844 1746 2961 1810 pro
3004 1724 3241 1815 quibus

199 1826 408 1893 dicat
454 1880 476 1912 ‚
545 1830 765 1920 aliqua
821 1830 1136 1899 statuendi
1194 1828 1497 1919 potestate
1550 1830 1820 1897 audiant
1862 1882 1882 1914 ,
1951 1829 2037 1895 ad
2112 1827 2303 1895 suum
2358 1824 2703 1894 arbitrium
2776 1846 3045 1893 movere
3097 1826 3241 1913 pos-

207 1925 298 1989 fit
346 1977 372 2009 ‚
428 1928 612 1995 hunc
663 1930 744 1995 de
793 1945 932 1996 toto
982 1934 1104 1997 illo
1156 1952 1396 2019 genere
1466 1929 1874 2019 reliquarum
1942 1933 2321 2001 orationum
2396 1949 2529 1995 non
2584 1928 2731 2015 plus
2802 1928 3237 2015 quaeiiturum

201 2024 346 2091 effe
407 2022 575 2115 quid
629 2027 806 2095 dicat
845 2080 866 2110 ‚
935 2048 1136 2115 quam
1211 2030 1628 2111 Polycletum
1681 2031 1874 2097 illum
1921 2082 1941 2113 ,
2013 2052 2170 2097 cum
2227 2029 2597 2096 Herculem
2650 2028 2939 2117 fingebat
2981 2080 3001 2113 ‚
3078 2051 3238 2116 que·

203 2123 673 2193 madmodum
724 2127 967 2215 pellem
1005 2180 1025 2215 ‚
1077 2144 1190 2195 aut
1241 2126 1531 2212 hydram
1581 2130 1863 2216 fingeret
1905 2179 1926 2214 ‚
1993 2130 2241 2195 etiamsi
2296 2131 2431 2195 haec
2484 2149 2829 2216 nunquam
2887 2127 3235 2214 separatim

203 2224 462 2293 facere
512 2226 864 2296 didicisset.

321 2330 564 2395 XVII.
621 2332 807 2396 Tum
855 2330 1141 2397 Catulus
1183 2354 1197 2394 :
1251 2331 1570 2398 Praeclare
1621 2330 1786 2397 mihi
1838 2330 2076 2397 videris
2114 2381 2135 2414 ,
2196 2330 2451 2397 Antoni
2492 2380 2513 2413 ‚
2562 2328 2830 2415 posuisse
2880 2345 3029 2397 ante
3076 2352 3233 2398 ocu-

203 2428 320 2495 los
365 2482 388 2513 ,
443 2430 602 2517 quid
653 2428 896 2497 discere
952 2444 1274 2517 oporteret
1323 2451 1480 2498 eum
1520 2482 1540 2515 ,
1613 2432 1728 2523 qui
1806 2446 2024 2495 orator
2101 2430 2249 2497 esset
2308 2429 2636 2518 futurus;
2706 2440 2731 2516 (
2780 2432 2867 2495 28
2922 2441 2946 2515 )
3004 2431 3159 2520 quid
3209 2483 3232 2518 ,

199 2530 482 2596 etiamsi
537 2552 666 2597 non
717 2530 1022 2599 didicisset
1065 2584 1084 2617 ‚
1151 2552 1234 2599 ex
1296 2551 1377 2597 eo
1413 2584 1436 2619 ‚
1503 2531 1680 2620 quod
1735 2530 2054 2597 didicisset
2091 2584 2108 2617 ‚
2179 2530 2522 2597 assumeret
2560 2576 2575 2593 .
2656 2529 2996 2597 Deduxisti
3046 2536 3231 2599 enim

196 2644 444 2698 totum
493 2631 838 2701 hominem
887 2632 958 2699 in
1009 2632 1144 2700 duo
1194 2630 1408 2701 solum
1459 2652 1706 2721 genera
1757 2630 2147 2719 causarum3
2203 2648 2431 2697 caetera
2483 2630 2985 2697 innumerabilia
3040 2654 3231 2699 exer-

193 2733 531 2801 citationi
609 2735 680 2804 δε
741 2732 1149 2803 fimilitudini
1227 2736 1594 2823 reliquisti.
1671 2733 1798 2801 Sed
1852 2734 2068 2801 videto
2106 2786 2130 2819 ,
2196 2754 2281 2798 ne
2352 2732 2419 2797 in
2476 2728 2604 2798 istis
2658 2728 2915 2799 duobus
2968 2736 3229 2820 generi-

196 2832 328 2901 bus
387 2834 614 2919 hydra
667 2832 778 2901 tibi
852 2834 930 2903 fit
999 2838 1070 2905 &
1129 2834 1320 2921 pellis
1357 2859 1380 2897 .·
1457 2834 1790 2903 Hercules
1843 2847 2064 2904 autem
2104 2886 2126 2918 ‚
2197 2835 2266 2902 &
2323 2833 2451 2898 alia
2504 2851 2697 2919 opera
2748 2833 2999 2909 majora
3052 2886 3071 2917 ‚
3140 2856 3225 2899 ne

197 2937 274 3001 in
330 2934 478 3002 illis
526 2932 718 3003 rebus
758 2987 778 3020 ‚
850 2958 1016 3025 quas
1085 2936 1570 3022 praetermittis,
1655 2936 2126 3024 relinquantur
2185 2982 2201 2999 .
2278 2938 2431 3000 Non
2501 2935 2683 2999 enim
2760 2935 2922 3001 mihi
2994 2937 3283 3001 minus.

199 3038 748 3123 operis“videtur
798 3034 884 3105 de
939 3036 1262 3105 universis
1315 3036 1662 3125 generibus
1713 3056 1937 3107 rerum
1991 3090 2012 3121 ‚
2079 3056 2284 3125 quam
2335 3036 2413 3101 de
2470 3032 2883 3121 singulorum
2936 3036 3145 3102 causis
3198 3088 3223 3120 ‚

197 3158 284 3204 ac
349 3136 574 3206 multo
619 3136 824 3204 etiam
875 3139 1092 3216 majus
1145 3138 1228 3206 de
1281 3158 1510 3206 natura
1563 3140 1839 3208 deorum
1893 3189 1915 3225 ‚
1984 3158 2185 3228 quam
2258 3135 2341 3206 de
2411 3136 2767 3206 hominum
2838 3134 3059 3206 litibus
3126 3138 3222 3206 di-

201 3255 404 3303 cere.
1545 3317 1548 3322 -

319 3339 484 3404 Non
533 3339 622 3405 e‘st
672 3334 764 3404 ita
803 3389 824 3423 ‚
875 3338 1084 3428 inquit
1136 3343 1471 3408 Antonius
1515 3391 1530 3408 .
1589 3341 1828 3411 Dicam
1881 3345 2062 3410 enim
2115 3343 2288 3427 tibi,
2357 3343 2594 3410 Catule
2630 3393 2649 3424 ‚
2720 3363 2855 3407 non
2912 3358 3049 3408 tam
3099 3343 3217 3410 do-

197 3437 362 3506 etus
410 3487 432 3522 ,
501 3457 702 3528 quam
751 3453 784 3529 (
840 3436 906 3505 id
959 3438 1133 3529 quod
1183 3439 1276 3506 est
1325 3444 1542 3520 majus
1598 3451 1624 3526 )
1695 3458 2002 3530 expertus
2039 3483 2055 3506 .-
2129 3441 2457 3507 omnium
2528 3453 2920 3506 caeterarum
2994 3461 3216 3506 rerum

196 3539 437 3606 oratio
475 3594 494 3625 ‚
545 3539 709 3607 mihi
765 3538 952 3608 crede
1013 3594 1033 3626 ,
1081 3541 1282 3609 ludus
1333 3541 1424 3608 est
1473 3541 1730 3608 homini
1784 3563 1918 3608 non
1969 3537 2178 3607 hebeti
2218 3589 2241 3623 ,
2290 3559 2507 3629 neque
2560 3538 2993 3606 inexercitato
3032 3589 3051 3620 ,
3100 3559 3215 3605 ne-

197 3663 338 3732 que
391 3643 862 3708 communium
929 3641 1274 3711 literarum
1313 3695 1336 3728 ,
1409 3646 1482 3712 &
1556 3639 1878 3730 politioris
1947 3639 2381 3707 humanitatis
2450 3639 2759 3726 experti.
2837 3641 2917 3704 In
2987 3638 3217 3706 causa-

195 3763 372 3814 rum
435 3740 966 3810 contentionibus
1013 3763 1346 3831 magnum
1396 3743 1488 3809 est
1541 3741 1872 3833 quoddam
1943 3761 2104 3828 opus
2162 3793 2183 3826 ,
2260 3757 2455 3829 atque
2506 3739 2683 3812 haud
2741 3738 2940 3806 sciam
2996 3759 3079 3806 an
3132 3739 3215 3807 de

195 3845 533 3913 humanis
599 3839 894 3929 operibus
964 3844 1168 3932 longe
1237 3845 1674 3910 maximum-2
1745 3845 1812 3908 in
1864 3841 2100 3930 quibus
2175 3841 2274 3906 vis
2325 3841 2609 3909 oratoris
2682 3839 3070 3928 plerumque
3128 3838 3213 3906 ab

194 3945 496 4032 imperiti
550 3945 730 4011 exitu
793 3945 862 4012 &
918 3943 1187 4010 victoria
1239 3943 1614 4023 judicatur:
1666 3939 1780 4008 ubi
1831 3939 2006 4008 adest
2056 3957 2355 4009 armatus
2423 3939 2831 4006 adversarius
2871 3993 2892 4024 ,
2960 3941 3073 4030 qui
3128 3941 3209 4010 fit

195 4050 272 4116 δε
338 4043 676 4112 feriendus
731 4045 800 4112 δε
854 4043 1264 4130 repellendus
1299 4063 1324 4106 s
1397 4043 1508 4113 ubi
1579 4042 1738 4130 saepe
1816 4044 1874 4110 is
1912 4095 1934 4125 ,
1999 4043 2114 4131 qui
2184 4042 2275 4109 rei
2345 4042 2653 4110 dominus
2708 4040 2970 4108 futurus
3044 4041 3135 4108 est
3186 4093 3211 4130 ‚

193 4147 464 4214 alienus
521 4159 713 4234 atque
761 4145 974 4212 iratus
1014 4198 1032 4228 ‚
1097 4161 1214 4214 aut
1283 4153 1484 4213 etiam
1537 4146 1794 4211 amicus
1847 4141 2219 4210 adversario
2256 4193 2277 4228 ,
2348 4146 2418 4211 &
2490 4141 2801 4212 inimicus
2883 4140 2995 4208 tibi
3046 4141 3134 4209 est
3186 4169 3205 4208 :

193 4269 359 4316 cum
417 4262 538 4313 aut
590 4245 924 4313 docendus
973 4247 1026 4311 is
1073 4245 1166 4314 est
1201 4299 1223 4332 ‚
1273 4261 1386 4312 aut
1434 4245 1858 4314 dedocendus
1896 4290 1918 4328 ‚
1987 4259 2103 4311 aut
2155 4243 2603 4331 reprimendus
2648 4298 2668 4331 ,
2739 4259 2855 4312 aut
2921 4245 3208 4312 incitan-
4348 4281 4355 4328 ,·

191 4348 326 4416 dus
369 4401 388 4433 ,
467 4364 584 4413 aut
659 4346 844 4412 omni
895 4349 1150 4416 ratione
1203 4349 1279 4412 ad
1334 4363 1591 4434 tempus
1635 4397 1656 4432 ,
1722 4345 1803 4410 ad
1873 4343 2142 4414 causam
2210 4347 2500 4413 oratione
2553 4343 3058 4412 moderandus:
3134 4347 3202 4412 in
4352 4423 4354 4432 Ι

194 4469 331 4537 quo
385 4447 550 4537 saepe
599 4445 1050 4517 benevolentia
1101 4447 1182 4516 ad
1232 4447 1460 4516 odium
1501 4500 1521 4533 ‚
1571 4447 1803 4515 odium
1857 4463 2080 4514 autem
2133 4445 2217 4512 ad
2270 4443 2803 4514 benevolentiam
2874 4445 3209 4512 deducen·
4120 4463 4133 4474 ·
4349 4467 4355 4536 3

1327 4565 1337 4574 ·
1425 4581 1432 4588 ·
1619 4569 1630 4576 ·
2930 4546 3099 4617 dum
4352 4541 4354 4560 '

197 4744 3195 4798 ΜΒ

237 4919 302 4996 .(
324 4921 386 4972 28
408 4921 438 4980 )
479 4913 672 4992 Quid·
709 4914 928 4988 “idmst
959 4939 1066 4978 non
1100 4919 1370 4992 didictffet
1405 4929 1434 4988 )
1487 4923 1645 4978 Iam·-
1745 4920 1936 4986 etiam,
1965 4919 2018 4991 fi
2049 4940 2154 4978 non
2194 4915 2451 4990 a'idtctff'et
2483 4959 2501 4984 ‚
2556 4938 2625 4975 ex
2678 4936 2733 4972 eo
2762 4954 2780 4981 ‚
2832 4917 2981 4990 quod
3048 4915 3179 4974 didi

199 4987 393 5066 binum
447 4981 654 5043 secutus
705 4982 818 5044 sum
851 5027 868 5051 ‚
923 4989 1414 5064 elegantioremque
1451 4987 1646 5050 censeo
1749 4991 1919 5064 ciffet,
1961 4990 2251 5065 affirment
2280 5029 2301 5049 .
2353 4989 2535 5060 Vulgo
2571 4987 2733 5064 Quid
2763 5026 2781 5053 ,
2834 4985 3052 5060 etiamsi
3085 4994 3195 5047 διε·

198 5075 516 5118 orationem
536 5051 654 5116 fore
675 5097 695 5125 ,
727 5057 768 5118 fi
805 5056 874 5116 fic
908 5079 1022 5120 eam
1057 5062 1450 5137 inrerpuugn,
1485 5063 1649 5149 Quid
1755 5065 1942 5122 Idem.
2596 5073 2601 5078 ’
