4359 6321
1165 545 1282 633 26
1595 537 1769 626 DE
1831 523 2624 622 INVENTIONE
2685 524 3419 621 RHETORICA

1032 679 1358 745 tuumne,
1411 675 1494 726 an
1547 656 1730 724 illius
1779 652 2022 721 malis?
2081 649 2282 717 Illius
2306 668 2503 735 vero,
2558 645 2923 736 respondit.
2980 652 3179 740 Age,
3224 649 3495 738 inquit,
3549 643 3594 714 sl
3654 645 3877 718 virum
3928 653 4044 724 ina

1035 763 1381 832 meliorem
1433 755 1666 826 habeat
1708 807 1729 842 ‚
1799 765 2132 846 quamntu
2182 747 2381 818 habes
2422 799 2444 837 ,
2494 765 2820 818 utrumne.
2862 767 3065 822 tuum
3098 802 3123 838 ,
3196 769 3281 816 an
3334 749 3516 817 illius
3567 749 3767 818 malis
3807 752 3835 818 ἓ
3908 757 4043 827 Hic

1037 865 1278 932 mulier
1325 857 1635 928 erubuit.
1697 869 1723 946 (
1761 868 1898 944 75)

1138 963 1408 1052 Aspasia
1459 977 1679 1028 autem
1731 979 1891 1024 cum
1943 952 2086 1043 ipso
2133 952 2576 1042 Xenophonte
2630 951 3002 1020 sermonem
3052 948 3367 1020 instituit.
3420 955 3702 1041 Qaeso,
3754 954 3965 1045 inquit
4022 1009 4041 1043 ,

1033 1063 1401 1153 Xenophon
1441 1117 1461 1150 ,
1515 1061 1558 1128 fi
1613 1061 1870 1127 vicinus
1921 1074 2075 1125 tuus
2124 1056 2471 1124 meliorem
2516 1075 2767 1143 equum
2820 1050 3059 1120 habeat
3100 1105 3121 1138 ,
3170 1075 3375 1144 quam
3426 1073 3582 1126 tuus
3632 1055 3763 1142 est,
3816 1075 4040 1128 tuum-

1032 1187 1120 1234 ne
1167 1187 1417 1255 equum
1470 1161 1662 1229 malis
1698 1212 1720 1245 ,
1769 1179 1856 1227 an
1908 1158 2090 1226 illius
2129 1160 2172 1228 ἓ,
2214 1157 2402 1225 Illius
2440 1209 2461 1242 ,
2511 1156 2722 1245 inquit
2761 1202 2781 1221 .
2832 1153 3030 1240 Qrod
3080 1153 3127 1231 fi
3184 1153 3470 1226 fundum
3524 1159 3873 1228 meliorem
3919 1159 4039 1227 ha.

1034 1265 1179 1332 beat
1213 1319 1234 1350 ,
1303 1284 1510 1354 quam
1561 1277 1632 1329 tu
1683 1261 1882 1330 habes
1918 1313 1940 1348 ,
2006 1274 2235 1328 utrum
2290 1255 2564 1324 tandem
2616 1253 2903 1327 fundum
2952 1252 3198 1326 habere
3252 1258 3513 1326 malis?
3592 1259 3801 1330 Illum
3846 1311 3872 1348 ,
3940 1259 4039 1330 in.

1030 1367 1216 1457 quit,
1269 1367 1611 1434 meliorem
1665 1362 1950 1432 scilicet.
2001 1359 2203 1447 Qod
2254 1357 2302 1426 fi
2348 1377 2635 1427 uxorem
2678 1355 3038 1426 ‘meliorem
3086 1353 3365 1445 habent,
3418 1382 3622 1451 quam
3672 1379 3746 1429 tu
3798 1359 4035 1448 habes,

1031 1485 1261 1536 utrum
1310 1468 1489 1536 illius
1541 1465 1782 1534 malis?
1839 1469 2063 1554 Atque
2112 1462 2223 1530 hic
2276 1460 2640 1549 Xenophon
2689 1477 2957 1552 quoque
3006 1455 3141 1548 ipse
3190 1462 3431 1530 tacuit.
3490 1463 3641 1532 Post
3692 1461 3959 1552 Aspasia
4006 1488 4055 1526 .·.

1033 1573 1380 1651 Quoniam
1433 1585 1712 1657 uterque
1761 1564 2091 1652 vestrum,
2140 1563 2399 1654 inquit,
2450 1562 2519 1630 id
2574 1563 2741 1632 mihi
2792 1561 3011 1630 solum
3062 1584 3203 1630 non
3254 1562 3627 1651 respondit,
3680 1565 3856 1656 quod
3908 1585 4036 1658 ego

1033 1671 1249 1738 solum
1306 1671 1532 1738 audire
1584 1669 1920 1736 volueram
1959 1720 1982 1755 ,
2029 1681 2294 1756 egomet
2344 1664 2567 1733 dicam
2619 1717 2640 1751 ,
2698 1661 2857 1756 quid
2912 1681 3191 1754 uterque
3242 1666 3488 1756 cogitet
3530 1714 3546 1733 .
3586 1671 3783 1734 *Nam
3834 1670 3904 1738 δι
3962 1686 4036 1736 tu

1028 1774 1271 1841 mulier
1320 1775 1650 1861 optimum
1703 1770 1930 1836 virum
1983 1769 2205 1836 mavis
2255 1765 2495 1836 habere
2531 1823 2553 1856 ,
2624 1771 2693 1838 &
2756 1785 2832 1834 tu
2884 1767 3258 1858 Xenophon
3315 1790 3599 1838 uxorem
3653 1767 3889 1835 habere
3942 1769 4035 1836 le-

1028 1873 1372 1943 Etiffimam
1425 1872 1718 1941 maxime
1773 1871 1873 1938 vis
1911 1919 1928 1939 .
1979 1877 2203 1958 Quare
2239 1925 2261 1956 ,
2314 1869 2432 1938 nist
2481 1869 2607 1938 hoc
2658 1869 3067 1956 perfeceritis
3106 1923 3128 1954 ,
3181 1886 3254 1940 ut
3308 1889 3521 1959 neque
3571 1872 3673 1937 vir
3728 1867 3959 1936 melior
4012 1921 4032 1955 ,

1028 1995 1242 2064 neque
1295 1977 1576 2045 foemina
1627 1974 1854 2042 lea-ior
1903 1975 1973 2039 in
2024 1973 2217 2042 terris
2268 1972 2344 2037 fit
2384 2023 2408 2060 ,
2454 1970 2747 2060 profesto
2796 1969 2866 2035 id
2918 1970 3171 2053 semper
3214 2020 3235 2051 ,
3308 1971 3485 2052 quod
3536 1972 3861 2054 optimum
3916 1991 4036 2057 pu-

1027 2075 1242 2143 tabitis
1289 2079 1412 2145 effe
1449 2131 1470 2164 ,
1541 2078 1758 2142 multo
1808 2078 2106 2142 maxime
2158 2073 2511 2163 requiretis
2550 2123 2571 2156 ,
2640 2085 2717 2136 ut
2768 2071 2840 2138 &
2896 2082 2968 2131 tu
3020 2066 3303 2134 maritus
3357 2064 3439 2132 fis
3518 2087 3721 2156 quam
3774 2071 4033 2157 optimae

1028 2178 1369 2264 mulieriS,
1421 2181 1490 2248 &
1546 2177 1682 2243 haec
1735 2195 1938 2264 quam
1987 2175 2240 2261 optimo
2296 2174 2445 2236 viro
2490 2184 2699 2256 nupta
2754 2167 2869 2235 fit.
3332 2261 3337 2269 .

1133 2281 1266 2346 Hic
1315 2299 1472 2345 cum
1528 2275 1716 2342 rebus
1767 2295 1902 2340 non
1957 2271 2166 2340 dubiis
2216 2271 2364 2338 ess'et
2418 2267 2735 2337 assensum
2776 2319 2798 2352 ,
2875 2265 3128 2334 fastum
3194 2265 3288 2336 est
3354 2283 3616 2356 propter
3669 2269 4033 2344 similitudi..

1030 2398 1229 2465 nem,
1277 2393 1352 2448 ut
1399 2380 1600 2446 etiam
1653 2375 1822 2443 illud
1861 2427 1882 2458 ,
1930 2373 2104 2461 quod
2155 2370 2433 2436 dubium
2482 2367 2827 2436 videbatur
2865 2415 2889 2450 ,
2940 2365 2986 2432 fi
3038 2367 3187 2454 quis
3238 2366 3591 2456 separatim
3642 2391 3959 2462 quaereret
4008 2429 4031 2464 ,

1028 2480 1096 2543 id
1152 2500 1271 2564 pro
1323 2494 1508 2544 certo
1545 2529 1567 2562 ,
1622 2491 1885 2561 propter
1937 2473 2265 2538 rationem
2317 2468 2594 2556 rogandi
2634 2519 2654 2554 ,
2704 2463 3203 2535 concederetur.
3255 2469 3407 2535 Hoc
3457 2471 3661 2538 modo
3712 2474 4031 2545 sermonis

1027 2578 1398 2666 pini-imum
1450 2581 1748 2642 Socrates
1797 2573 1957 2638 usus
1999 2569 2138 2654 est,
2188 2585 2519 2658 propterea
2575 2566 2752 2660 quod
2806 2567 2973 2638 nihil
3026 2567 3162 2656 ipse
3216 2565 3449 2638 afferre
3502 2570 3587 2638 ad
3636 2574 4032 2662 persuaden-

1019 2678 1190 2744 dum
1243 2677 1546 2762 volebat,
1598 2672 1703 2743 sed
1755 2693 1851 2738 ex·
1894 2695 2016 2759 eo,
2063 2670 2241 2762 quod
2297 2669 2410 2740 fibi
2466 2671 2585 2739 ille
2635 2670 2948 2753 dederat,
2997 2671 3273 2760 quicum
3319 2669 3729 2761 disputabat,
3780 2675 4031 2768 aliquid

1025 2777 1354 2847 conficere
1406 2774 1734 2864 malebat,
1781 2774 1961 2863 quod
2013 2774 2126 2841 ille
2171 2794 2257 2840 ex
2310 2793 2389 2842 eo
2429 2823 2451 2860 ,
2500 2771 2676 2862 quod
2728 2774 2863 2852 jam
2914 2770 3348 2862 conceffiffet,
3402 2775 3746 2844 neceffario
3798 2797 4029 2869 appro-

1027 2879 1180 2946 bare
1229 2873 1533 2951 deberet.

1133 2983 1422 3048 XXXII.
1493 2983 1644 3047 Hoc
1695 2980 1764 3047 in
1821 2999 2066 3072 genere
2118 2976 2627 3069 praecipiendum
2694 2973 2879 3046 nobis
2926 2976 3193 3046 videtur
3234 3029 3254 3064 ,
3322 2977 3614 3065 primum
3669 3031 3691 3066 ,
3739 2995 3813 3046 ut
3866 2979 4027 3048 illud

1027 3082 1202 3170 quod
1253 3081 1640 3150 inducemus
1711 3103 1825 3172 per
1877 3081 2372 3150 fimilitudinem
2410 3133 2433 3169 ,
2495 3079 2815 3160 eiusmodi
2886 3077 2962 3146 fit
3003 3131 3024 3166 ,
3090 3095 3167 3146 ut
3238 3077 3317 3146 fit
3384 3079 3629 3148 neceffe
3696 3082 4025 3151 concedi.

1022 3187 1204 3253 Nam
1253 3204 1338 3253 ex
1390 3206 1526 3275 quo
1575 3182 2046 3274 postulabimus
2097 3182 2284 3253 nobis
2338 3185 2552 3273 illud,
2602 3182 2784 3276 quod
2834 3182 3110 3251 dubium
3161 3180 3237 3251 fit
3273 3234 3294 3267 ,
3346 3180 3623 3251 concedi
3677 3206 3697 3271 ;
3746 3183 4027 3259 dubium

1021 3286 1144 3349 esse
1193 3286 1475 3375 idipsum
1517 3340 1538 3373 ,
1601 3288 1780 3376 quod
1837 3287 2221 3357 inducimus
2259 3338 2279 3372 ,
2329 3306 2463 3355 non
2516 3283 2836 3376 oportebit
2876 3334 2890 3350 .
2946 3281 3205 3352 Deinde
3254 3282 3427 3353 illud
3469 3338 3490 3373 ,
3538 3284 3732 3364 cuius
3782 3288 4029 3356 confir-

1025 3386 1250 3452 mandi
1302 3387 1500 3455 causa
1551 3387 1666 3453 fiet
1716 3389 2012 3459 inductio
2051 3441 2074 3473 ,
2131 3388 2495 3457 videndum
2542 3388 2674 3476 est,
2722 3403 2797 3459 ut
2833 3385 3065 3455 .fimile
3112 3387 3193 3453 iis
3243 3385 3438 3453 rebus
3488 3388 3605 3473 fit,
3656 3408 3826 3477 quas
3876 3410 4029 3476 τες,

1026 3486 1208 3573 quasi
1263 3510 1398 3555 non
1451 3488 1683 3556 dubias
1721 3541 1742 3574 ,
1791 3505 1944 3559 ante
1991 3488 2493 3560 induxerimus:
2546 3494 2725 3563 Nam
2778 3503 2930 3557 ante
2980 3486 3227 3579 aliquid
3278 3485 3464 3553 nobis
3510 3489 3882 3555 conceffum
3930 3493 4035 3557 es·

1021 3586 1092 3667 ,se
1143 3586 1308 3650 nihi}
1363 3590 1651 3669 proderit
1690 3640 1710 3671 ,
1765 3590 1814 3653 fi
1865 3593 1926 3655 ei
1977 3591 2283 3658 diffimile
2330 3595 2457 3660 erit
2512 3590 2580 3659 id
2620 3647 2641 3679 ,
2691 3592 2882 3672 cujus
2932 3588 3131 3660 causa
3178 3588 3351 3663 illud
3400 3586 3677 3659 concedi
3732 3589 4029 3677 primum

1025 3681 1472 3748 voluerimuS.
1533 3684 1786 3749 Deinde
1842 3704 1976 3746 non
2033 3687 2443 3772 intelligatur
2480 3732 2503 3767 ,
2552 3712 2691 3772 qno
2748 3691 3036 3772 spe-&ent
3090 3692 3217 3761 311ae
3270 3694 3491 3781 primae
3543 3679 3950 3762 industiones
3996 3746 4021 3779 ‚

1025 3784 1098 3853 δι
1162 3780 1242 3849 ad
1291 3800 1490 3869 quem
1541 3779 1664 3849 fint
1711 3780 1968 3847 exitum
2019 3798 2461 3867 perventurae.
2518 3785 2696 3845 Nam
2748 3787 2863 3867 qui
2917 3785 3136 3869 videt,
3190 3790 3235 3853 fi
3284 3796 3345 3856 ei
3402 3795 3496 3856 rei
3550 3844 3571 3875 ,
3620 3815 3765 3881 quae
3816 3798 4030 3885 primo

1024 3902 1294 3974 rogetur
1331 3933 1353 3969 ,
1405 3880 1576 3949 reste
1627 3879 1992 3968 assenserit,
2043 3882 2234 3949 illam
2282 3878 2545 3973 quoque
2596 3900 2780 3963 rem,
2832 3901 2975 3971 quae
3028 3881 3137 3946 fibi
3189 3884 3525 3974 displiceat
3559 3937 3581 3973 ,
3633 3894 3755 3957 effe
3808 3896 4030 3963 neces:

1024 3982 1194 4050 sario
1241 3980 1771 4071 concedendam,
1820 3984 2215 4077 pierumque
2268 4004 2388 4054 aut
2442 4004 2575 4053 non
2626 3976 3075 4072 respondendo
3112 4034 3132 4069 ,
3182 4002 3297 4055 aut
3346 3986 3527 4053 male
3579 3986 4035 4075 respondendo

1021 4085 1287 4174 longius
1335 4086 1686 4177 procedere
1737 4090 2152 4177 rogationem
2204 4108 2341 4157 non
2396 4087 2545 4157 {init
2580 4135 2596 4153 .
2646 4088 2873 4173 Quare
2927 4086 3177 4153 ratione
3228 4086 3587 4177 rogationis
3638 4088 4027 4177 imprudens

1021 4186 1102 4257 ab
1144 4210 1272 4274 eo,
1321 4188 1496 4279 quod
1551 4188 1891 4277 conceffit,
1945 4190 2024 4259 ad
2077 4190 2193 4277 id,
2242 4190 2419 4281 quod
2466 4212 2603 4258 non
2654 4186 2802 4257 vult
2852 4186 3258 4277 concedere,
3306 4188 3732 4257 deducendus
3782 4190 3912 4259 est.

1121 4290 1525 4361 Extremum
1576 4308 1801 4389 autem
1853 4310 1966 4363 aut
2020 4310 2313 4363 taceatur
2365 4308 2621 4383 oportet
2661 4345 2681 4380 ,
2736 4308 2849 4361 aut
2900 4289 3306 4360 concedatur
3341 4344 3363 4381 ‚
3414 4308 3528 4361 aut
3583 4308 3897 4383 negetur.
3952 4298 4025 4365 Si

1021 4390 1364 4483 negabitur
1404 4446 1429 4482 ,
1493 4410 1612 4464 aut
1659 4390 2067 4463 ostendenda
2118 4392 2210 4461 est
2264 4393 2632 4464 similitudo
2680 4414 2915 4463 earum
2964 4414 3193 4465 rerum
3229 4447 3254 4482 ,
3302 4417 3447 4485 quae
3498 4413 3659 4464 ante
3707 4398 4027 4467 conceffae

1023 4497 1176 4565 sunt
1213 4549 1235 4585 ,
1307 4512 1422 4565 aut
1475 4497 1602 4565 alia
1654 4495 1969 4567 utendum
2019 4495 2395 4567 induitione
2431 4528 2477 4562 .·
2519 4499 2584 4565 Si
2634 4494 3033 4565 concedetur
3072 4547 3096 4583 ,
3162 4495 3623 4567 concludenda
3674 4497 3765 4566 est
3819 4517 4025 4591 argu-

3731 4620 3922 4671 men-

1113 4950 1138 5007 (
1163 4964 1230 5016 75
1253 4950 1284 5011 )
1335 4928 1442 5001 Hic
1478 4936 1683 4997 mulier
1739 4940 2002 5005 erubuit)
2053 4936 2427 5014 Quintilianus
2470 4982 2491 5007 ,
2589 4934 3109 5012 respondsffltmalle
3133 4936 3195 5015 se
3229 4958 3437 5015 aarum
3476 4936 3651 5011 suum
3684 4938 3864 4997 talem
3900 4936 4035 5011 effej

1039 5014 1226 5073 eodem
1273 5016 1394 5073 loco
1433 5040 1451 5073 .-
1511 5014 1718 5071 Mulier
1759 5012 1982 5070 erubuit
2035 5016 2231 5068 merito
2260 5030 2281 5073 ς
2332 5011 2488 5068 male
2588 5012 2759 5087 quale
2792 5010 2943 5068 illud
2978 5012 3132 5085 effer,
3161 5010 3411 5087 potutffet
3440 5012 3637 5086 pudice
3671 5010 3759 5082 rel
3786 5010 3977 5068 ondere
4000 5050 4022 5073 ‚

1043 5102 1185 5139 emm
1224 5090 1608 5159 responderat,
1645 5082 1698 5149 se
1733 5086 1908 5142 malle
1944 5086 2201 5141 alienum
2238 5102 2483 5149 aarum,
2588 5084 2761 5139 malle
2772 5082 2835 5155 se
2865 5088 3060 5143 vssnem
3084 5084 3259 5157 suum
3274 5086 3451 5145 talem
3470 5082 3588 5159 ff,
3624 5103 3739 5161 qun
3779 5089 3813 5141 's
3828 5082 4023 5141 mlier

913 5204 926 5214 .
1021 5172 1226 5247 'quam
1251 5160 1422 5225 secum
1472 5183 1486 5217 :
1539 5177 1676 5215 ncm
1714 5159 1774 5215 id
1811 5158 1883 5229 est
1917 5156 2211 5231 improbum
2254 5194 2271 5212 .
2322 5150 2495 5227 Acfi
2586 5152 2739 5227 effet-
