4359 6321
1273 476 1450 575 392
2073 446 2176 532 Ο·
2268 436 2359 535 R
2481 432 2587 529 A
2700 433 2795 527 T
2909 434 3010 531 Ο,
3101 426 3239 525 ΚΞ

1180 646 1192 655 ,
1256 571 1338 637 ln
1391 566 1560 650 idem
1613 580 1826 657 genus
1893 561 2219 636 orationis
2270 558 2566 653 (loquor
2598 556 2816 627 :enim
2867 552 2945 623 de
2998 552 3115 623 illa
3164 547 3419 621 modica
3458 599 3480 634 ,
3551 566 3631 621 ac
3678 560 4063 643 temperata
4113 566 4166 655 U)

1155 666 1512 741 verborum
1562 654 1812 738 cadunt
1865 662 2120 737 lumina
2169 664 2437 746 omnia,
2486 656 2699 731 multa
2744 659 2951 725 etiam
3004 652 3532 743 sententiarumz
3588 654 3784 740 latae,
3834 656 4160 729 eruditae-

1154 758 1279 859 que
1327 765 1788 859 disputationes
1840 763 1919 831 ab
1970 768 2198 835 eodem
2250 760 2670 853 explicantur
2713 811 2734 844 ,
2805 756 2875 829 &
2935 756 3063 825 loci
3114 769 3512 825 communes
3566 750 3704 825 fine
3758 759 4161 828 eontentio-

1157 890 1248 953 ne·
1289 874 1732 954 indagantur,
1793 867 1974 953 Qid
2023 868 2239 938 multa
2279 866 2314 929 ἓ
2386 884 2425 931 e
2477 858 3013 951 philosophorum
3066 854 3305 923 scholis
3360 852 3527 923 tales
3580 852 3719 924 sere
3770 858 4059 927 evadunt
4104 850 4151 933 ⁶,-

1161 973 1280 1057 &‚
1334 970 1449 1039 nist
1503 965 1736 1043 coram
1787 970 1908 1049 erit
1957 984 2380 1058 comparatus
2428 963 2539 1032 ille
2594 960 2863 1046 fortior,
2910 978 3021 1045 per
3074 953 3139 1023 se
3190 955 3298 1025 hic
3346 1006 3367 1041 ,
3414 976 3619 1047 quem
3670 957 3869 1045 dice,
3920 958 4165 1049 proba-

1159 1067 1335 1138 bitur
1377 1118 1394 1141 .
1465 1072 1576 1154 Est
1618 1071 1804 1137 enim
1853 1068 2183 1159 quoddam
2232 1070 2434 1139 etiam
2488 1062 2783 1149 insigne,
2834 1060 2908 1129 &
2966 1054 3209 1125 florens
3260 1056 3575 1125 orationis
3619 1109 3641 1145 ,
3715 1058 4021 1153 pifikum,
4074 1065 4153 1133 δε

1160 1172 1528 1259 expolitum
1584 1191 1792 1259 genus
1831 1222 1854 1256 ,
1922 1171 1988 1237 in
2039 1193 2171 1261 quo
2223 1186 2453 1236 omnes
2512 1160 2913 1247 verborum,
2962 1179 3199 1226 omnes
3254 1154 3739 1233 sententiarum
3788 1160 4157 1251 illiga—neus

1162 1275 1445 1364 lepores.
1500 1274 1648 1338 Hoc
1704 1287 1918 1340 totum
1969 1292 2004 1339 e
2068 1269 2495 1358 sophistarum
2554 1258 2845 1331 fontibus
2895 1258 3307 1329 defluxitin
3365 1258 3637 1347 forum,
3688 1260 3801 1333 sed
3858 1258 4161 1351 spretum

1161 1394 1199 1439 a
1253 1371 1628 1461 subtilibus,
1679 1369 2012 1461 repulsum
2062 1391 2100 1437 a
2153 1362 2529 1460 gravibuS‚·
2560 1365 2629 1434 in
2680 1385 2799 1449 ea,
2852 1360 2937 1433 de
2987 1382 3118 1453 qua
3163 1359 3457 1457 loquor,
3504 1360 3954 1435 mediocritate
3992 1387 4157 1437 con-

1167 1474 1358 1545 sedit.
3827 1524 3835 1532 .
4002 1498 4013 1509 ·
4119 1522 4126 1530 .

1267 1576 1595 1645 XXVIII.
1649 1571 1916 1639 Tertius
1972 1560 2065 1639 est
2103 1573 2223 1641 ille
2273 1568 2578 1661 amplus,
2626 1564 2965 1663 copiosus,
3016 1566 3287 1655 graviS,
3336 1581 3651 1655 ornatuS,
3702 1564 3773 1637 in
3810 1586 3945 1661 quo
3986 1588 4151 1657 pro-

1167 1675 1337 1745 feEto
1391 1674 1489 1740 vis
1547 1673 1842 1745 maxima
1891 1672 2034 1741 est.
2103 1676 2243 1745 ,Hic
2294 1672 2387 1741 est
2434 1673 2617 1739 enim
2656 1725 2676 1758 ,
2743 1671 2939 1749 cujus
2990 1681 3304 1735 ornatum
3356 1664 3689 1759 dicendi,
3758 1674 3829 1741 ὅ(
3885 1670 4153 1759 copiam

1168 1773 1504 1843 admiratae
1554 1790 1784 1861 gentes
1821 1828 1842 1861 ,
1907 1775 2357 1865 eloquentiam
2408 1774 2477 1839 in
2529 1768 2897 1843 civitatibus
2972 1768 3347 1857 plurimum
3396 1770 3619 1839 valere
3654 1824 3662 1834 .
3692 1770 3877 1860 paffae'
3916 1770 4075 1845 -sunt
4124 1795 4148 1834 .·

1177 1876 1282 1943 sed
1335 1874 1505 1941 hanc
1559 1873 2000 1966 eloquentiam
2040 1928 2061 1962 ,
2109 1900 2256 1969 quae
2308 1875 2502 1945 cursu
2558 1892 2814 1963 magno
2851 1924 2873 1957 ,
2926 1869 3270 1960 sonituque
3320 1866 3648 1960 ferretur,
3696 1892 3897 1965 quam
3950 1870 4157 1961 suspi-

1171 1991 1396 2045 cerent
1447 1994 1724 2063 omnes,
1771 1997 1974 2065 quam
2027 1980 2546 2063 admirarentur,
2598 1994 2802 2065 quarn
2836 1972 2915 2041 -se
2964 1970 3196 2060 affequi
3252 1968 3421 2061 poffe
3470 1972 3867 2045 diffiderent.
3928 1974 4157 2051 Huius

1169 2079 1554 2167 eloquentiae
1621 2076 1714 2146 est
1766 2078 2039 2147 tractare
2095 2081 2356 2148 animos
2396 2132 2416 2165 ,
2486 2077 2685 2155 hujus
2736 2074 2919 2141 omni
2971 2071 3169 2140 modo
3212 2094 3599 2163 permovere
3635 2123 3654 2144 .
3726 2078 3888 2143 Haec
3944 2075 4161 2147 modo

1119 2168 1131 2173 “
1170 2178 1586 2271 perfringit,
1659 2177 1876 2281 modq
1926 2180 2150 2269 irrepit
2204 2182 2274 2249 in
2329 2176 2551 2251 lensus
2598 2204 2622 2267 ,-
2696 2174 2916 2253 inserit
2989 2195 3198 2249 novas
3262 2176 3603 2273 opiniones
3650 2226 3677 2263 ,
3743 2173 3969 2247 evellit
4048 2178 4165 2247 in.-

1177 2280 1360 2347 fitaS.
1567 2294 1574 2301 '
3546 2308 3553 2314 ·
3908 2310 3919 2322 ·

1279 2384 1401 2449 Sed
1451 2384 1742 2453 multum
1797 2384 2059 2455 interest
2111 2388 2283 2463 inter
2332 2384 2457 2455 hoc
2506 2382 2773 2453 dicendi
2824 2398 3079 2473 genae,
3128 2384 3199 2453 &
3262 2376 3585 2472 superiora
3627 2425 3643 2445 .
3708 2380 3844 2463 Qi
3900 2381 3980 2447 in
4030 2378 4161 2450 illo

1177 2482 1392 2551 subtili
1452 2486 1523 2553 δι,
1583 2503 1777 2555 acuto
1826 2484 2242 2573 elaboravit,
2295 2505 2368 2555 ut
2420 2484 2666 2556 callide
2718 2499 3075 2574 arguteque
3128 2484 3371 2553 diceret
3407 2537 3429 2570 ,
3478 2504 3593 2553 nec
3648 2482 4015 2572 quidquam
4068 2478 4157 2549 al-

1175 2586 1306 2654 tius
1376 2586 1696 2675 cogitaret
1735 2612 1756 2650 .·
1829 2592 1958 2658 hoc
2013 2612 2150 2658 uno
2201 2590 2497 2677 perscito
2536 2639 2556 2674 ‚
2608 2608 2896 2679 magnus
2948 2601 3165 2654 orator
3214 2584 3310 2652 est
3348 2636 3367 2670 ,
3442 2584 3485 2651 fi
3558 2604 3689 2651 non
3760 2583 4149 2671 maximus,

1174 2684 1582 2775 minimeque
1631 2688 1696 2753 in
1754 2688 2014 2758 lubrico
2078 2688 2478 2776 versabitur,
2532 2688 2651 2774 &,
2702 2688 2747 2754 fi
2804 2686 3003 2755 semel
3055 2682 3414 2761 constiterit
3454 2738 3477 2773 ,
3530 2704 3877 2775 ntmquam
3929 2684 4151 2753 cadet.

1177 2784 1442 2857 Medius
1506 2789 1622 2857 ille
1698 2810 1922 2873 autem
1961 2843 1990 2877 ,
2053 2811 2259 2883 quem
2308 2793 2645 2859 modicum
2700 2791 2767 2859 &
2824 2800 3267 2876 temperatum
3322 2807 3487 2857 voco
3522 2835 3547 2875 ,
3618 2786 3663 2853 fi
3714 2786 3913 2858 modo
3962 2784 4155 2855 suum

1177 2886 1354 2959 illud
1410 2885 1562 2957 satis
1613 2889 1992 2959 instruxerit
2035 2920 2056 2979 ‚-
2111 2914 2243 2959 non
2296 2890 2679 2959 extimescet
2729 2890 3038 2978 ancipites
3092 2888 3358 2957 dicendi
3430 2882 3839 2977 incertosque
3890 2884 4075 2955 casus
4130 2909 4153 2948 .·

1161 2987 1420 3075 etiam,
1479 2988 1525 3057 fi
1577 2994 1852 3079 quando
1907 2995 2132 3061 minus
2186 2992 2479 3063 succedet
2518 3044 2541 3082 ,
2608 3010 2680 3059 ut
2738 2994 2891 3083 saepe
2944 2990 3065 3077 fit,
3113 3009 3439 3079 magnum
3496 2986 3739 3059 tamen
3786 2985 4159 3077 periculum

1177 3110 1314 3156 non
1371 3086 1606 3162 adibit.
1664 3097 1829 3164 Alte
1873 3096 2054 3163 enim
2103 3096 2334 3168 cadere
2386 3110 2521 3166 non
2572 3092 2829 3186 potest.
2882 3095 2978 3160 At
3032 3112 3189 3162 vero
3242 3092 3351 3168 hic
3408 3088 3619 3162 noster
3650 3142 3681 3178 ,
3730 3110 3923 3184 quem
3972 3091 4157 3178 prin-

1177 3193 1392 3279 cipem
1448 3197 1800 3282 ponimuS‚
1869 3201 2090 3284 gravis
2132 3252 2151 3284 ,
2204 3219 2353 3268 acer
2392 3247 2415 3284 ,
2484 3197 2764 3282 ardens,
2817 3197 2863 3264 fi
2916 3195 2999 3263 ad
3050 3193 3177 3274 hoc
3232 3215 3442 3262 unum
3492 3193 3584 3264 est
3640 3209 3876 3279 natuS,
3926 3194 4161 3260 aut-in

1177 3293 1304 3360 hoc
1360 3292 1504 3362 solo
1554 3299 1618 3364 ie
1665 3300 2020 3384 exercuit,
2091 3315 2204 3365 aut
2257 3300 2412 3368 huic
2468 3303 2695 3390 generi
2750 3298 2957 3368 studet
3012 3297 3125 3364 uni
3168 3348 3189 3385 ,
3258 3317 3379 3366 nec
3451 3296 3641 3365 suam
3690 3295 3951 3384 copiam
4004 3315 4161 3364 cum

1180 3395 1312 3460 illis
1381 3394 1637 3467 duobus
1711 3397 2057 3490 generibus
2131 3403 2570 3496 temperarit-4:
2644 3399 2937 3468 maxime
2986 3395 3081 3467 est
3148 3399 3667 3468 contemnendus
3706 3445 3722 3464 .
3799 3397 3929 3467 Ille
3977 3397 4163 3464 enim

1182 3494 1592 3585 summissus,
1646 3499 1822 3588 quod
1883 3520 2072 3568 acute
2123 3504 2193 3572 δε
2254 3502 2640 3570 veteratorie
2694 3502 2895 3588 dicit;
2949 3499 3200 3588 sapiens
3250 3495 3426 3578 iam.-
3482 3499 3743 3566 medius
3781 3552 3803 3585 ,
3874 3495 4095 3576 suavis,
4140 3523 4160 3565 ι

1173 3595 1286 3662 hic
1339 3615 1564 3666 autem
1615 3599 2115 3689 copioliflimuS,
2169 3602 2216 3670 fi
2270 3602 2436 3670 nihil
2484 3603 2581 3671 est
2634 3601 2855 3688 aliud,
2908 3603 3021 3670 vix
3075 3601 3227 3668 satis
3277 3599 3495 3670 sanus·
3532 3599 3973 3702 viderijsolet.
4028 3601 4163 3683 Qui

1181 3696 1362 3764 enim
1413 3698 1578 3766 nihil
1636 3699 1838 3788 potest
1889 3703 2289 3792 tranquille,
2345 3703 2511 3774 nihil
2565 3705 2841 3790 leniter,
2892 3703 3055 3772 nihil
3114 3706 3387 3795 partite,
3434 3701 3711 3772 definite
3744 3757 3765 3790 ,
3817 3697 4161 3785 distinete,

1182 3795 1394 3868 facete
1441 3799 1693 3886 dicere,
1748 3801 2102 3888 pra-sertim
2151 3827 2311 3872 cum
2367 3801 2574 3874 causae
2624 3805 2869 3890 partim
2922 3823 3073 3874 totae
3124 3805 3247 3872 {int
3296 3827 3374 3873 eo
3424 3803 3620 3873 modo
3658 3857 3680 3890 ,
3731 3805 3978 3894 partim
4040 3805 4156 3870 ali-

1179 3915 1309 3985 qua
1360 3918 1442 3964 ex
1501 3919 1684 3988 parte
1737 3899 2140 3970 trastandae:
2198 3904 2247 3970 s1
2300 3909 2352 3972 is
2404 3927 2538 3973 non
2594 3907 2963 3995 praeparatis
3016 3904 3279 3974 auribus
3342 3906 3771 3974 inflammare
3822 3927 3971 3974 tem
4026 3928 4163 3974 coe·

1179 3999 1318 4086 pit,
1366 3997 1584 4067 furere
1635 4000 1808 4088 apud
1861 4002 2091 4090 sanos,
2129 4008 2213 4076 δε
2269 4007 2449 4094 quali
2505 4008 2675 4074 inter
2734 4005 2974 4076 sobrios
3024 4006 3323 4076 bacchari
3407 4007 3771 4076 vinolentus
3828 4009 4095 4075 videtu:
4142 4057 4164 4074 .

1182 4099 1524 4168 Tenemus
1572 4102 1776 4190 igitur
1817 4138 1838 4188 3
1906 4107 2113 4172 Brute
2151 4157 2172 4190 ,
2223 4127 2420 4195 quem
2474 4109 2885 4196 quaerimusz
2942 4107 3047 4176 sed
3106 4109 3367 4178 animo.
3422 4114 3599 4178 Nam
3648 4129 3845 4176 manu
3898 4107 3947 4174 fi
3992 4125 4166 4196 pre·

1177 4197 1572 4314 hendiffem,
1623 4222 1706 4272 ne
1759 4201 1894 4290 ipse
1943 4203 2215 4296 quidem
2268 4207 2381 4276 sua
2436 4223 2617 4274 tanta
2673 4209 3041 4304 eloquentia
3094 4211 3261 4280 mihi
3314 4209 3747 4303 persuafiffet,
3794 4225 3873 4280 ut
3928 4205 4013 4306 se·
4054 4207 4165 4284 ‚di-

1175 4314 1543 4372 mitterem.

1279 4405 1535 4472 XXIX.
1588 4405 1711 4474 Sed
1781 4410 2098 4480 inventus
2165 4411 2462 4500 profesto
2530 4413 2625 4480 est
2677 4413 2789 4484 ille
2838 4418 3156 4506 eloquens
3196 4467 3215 4500 ‚
3290 4434 3491 4504 quem
3564 4434 3920 4505 nunquam
3992 4407 4161 4479 vidit

1178 4505 1540 4574 Antonius·
1601 4511 1773 4594 Quis
1813 4510 1905 4579 est
1957 4511 2158 4600 igitur
2212 4513 2313 4579 is'?
2366 4514 2784 4602 Compleftar
2827 4515 3054 4602 brevi,
3103 4515 3405 4592 differam
3454 4515 3801 4606 pluribus.
3858 4520 3923 4582 Is
3970 4513 4161 4582 enim

1173 4601 1266 4702 est
1316 4605 1634 4708 eloquens
1670 4661 1691 4694 ‚
1763 4613 1876 4700 qui
1950 4615 2018 4682 &
2075 4612 2361 4687 humilia
2415 4615 2735 4684 subtiliter
2777 4669 2798 4704 ,
2852 4619 2923 4690 ὅτ.
2976 4635 3225 4708 magna
3280 4619 3616 4706 graviter,
3672 4621 3743 4689 &
3804 4615 4157 4685 mediocria

1173 4717 1528 4794 temperate
1583 4709 1790 4797 potest
1840 4712 2056 4782 dicere
2089 4760 2104 4778 .
3678 4709 3685 4714 ⁵

1275 4809 1640 4896 Nemo'is,
1690 4810 1991 4901 inquieS,
2041 4833 2341 4901 unquam
2396 4815 2561 4887 fuit.
2617 4821 2723 4902 Ne
2776 4821 3007 4890 fuerit.
3068 4823 3213 4910 Eg'o
3254 4823 3486 4909 enim,
3524 4821 3694 4914 quid
3744 4819 4156 4903 defiderem,

1173 4928 1350 4994 non,
1405 4909 1561 5000 quid
1615 4911 1936 4998 viderim,
1989 4911 2289 5000 disputo:
2346 4919 2665 5010 redeoque
2716 4925 2799 4990 ad
2849 4924 3041 4992 illam
3096 4922 3429 5010 PlatoniS,
3482 4923 3563 4992 de
3613 4944 3751 5016 qua
3802 4919 4153 5004 dixeram,

1173 5011 1264 5077 rei
1318 5011 1646 5102 formam,
1706 5016 1776 5084 &
1839 5012 2114 5106 speciem
2155 5039 2178 5079 .·
2233 5011 2439 5109 quam
2498 5023 2616 5092 etii
2677 5045 2810 5092 non
2874 5025 3210 5100 cernimus
3249 5076 3269 5110 ,
3353 5042 3574 5096 tamen
3636 5025 3868 5098 animo
3924 5037 4153 5091 tenere

3840 5123 4049 5216 poffu·
