4359 6321
1019 453 2590 555 LIBER·PR1.MU5.·
3008 463 3059 552 ἰ

264 571 354 654 αἳ)
401 573 696 650 auditore
735 625 760 664 ,
805 573 882 648 ὃ(
941 598 1074 662 non
1121 595 1532 668 magnopere
1585 571 2060 658 attendendum
2113 573 2409 644 videtur.
2460 561 2733 664 Ansseps
2762 621 2789 660 ,
2835 571 2905 647 in
2957 489 3263 670 quo3aut

247 681 577 766 ,indicatio
627 677 834 748 dubia
881 678 970 746 est
1005 704 1038 768 3
1077 695 1220 760 ,aut
1275 677 1474 751 causa
1518 730 1540 764 ‚
1605 678 1677 749 δι
1733 673 2088 749 honestatis
2127 724 2148 762 ,
2220 679 2293 746 δι
2368 673 2799 768 turpitudinis
2834 679 3191 768 ,particeps
3240 703 3263 746 ι

265 794 333 854 ιιι
382 783 458 854 δε
515 779 1056 851 benevolentiam
1105 783 1318 871 pariat
1351 831 1376 868 ,
1426 782 1502 853 &t
1553 776 1984 848 offenfionem
2023 823 2042 846 .
2115 774 2497 856 Obscurum
2548 831 2573 864 ,
2622 779 2697 848 in
2745 800 2877 867 quo
2928 793 3043 848 aut
3096 776 3269 868 tardi

257 883 594 959 auditores
646 881 802 958 sunt
837 931 860 970 ,
927 893 1042 951 aut
1089 879 1558 962 difficilioribus
1609 877 1694 948 ad
1745 876 2291 972 cognoscendum
2346 879 2629 969 negotiis
2694 879 2891 949 causa
2938 877 3274 968 implicita

251 985 388 1072 est.
437 989 662 1070 Quare
699 1036 726 1070 ‚
773 1003 934 1068 cum
985 998 1126 1072 tam
1173 982 1432 1052 diversa
1485 984 1612 1052 smt
1659 1002 1916 1072 genera.
1954 978 2357 1066 causarum,
2404 977 2689 1048 exordiri
2743 1002 3003 1070 quoque
3050 979 3266 1072 dispa-

253 1089 323 1156 ri
375 1087 634 1160 ratione
685 1086 758 1155 in
808 1105 1210 1177 unoquoque
1257 1105 1504 1178 genere
1554 1084 1802 1152 necesse
1850 1081 1942 1152 est
1979 1129 2002 1151 .
2055 1081 2279 1172 Igitur.
2323 1079 2681 1150 exordium
2731 1081 2801 1146 in
2836 1081 3001 1150 duas
3050 1099 3265 1171 partes

253 1189 583 1258 dividitur
619 1239 644 1276 ,
713 1189 784 1254 in
833 1188 1235 1278 principium
1273 1237 1298 1274 ,
1365 1190 1436 1258 dt
1493 1185 2004 1252 insinuationem
2069 1193 2096 1272 (
2135 1191 2323 1270 53).
2394 1181 2805 1270 Principium
2844 1234 2865 1266 ,
2916 1181 3012 1250 est
3060 1182 3265 1250 oratio

259 1288 600 1379 perspicue
656 1291 728 1358 &
785 1290 1088 1379 protinus
1139 1288 1492 1380 perficiens
1535 1287 1908 1360 auditorem
1961 1281 2397 1370 benevolum,
2444 1298 2562 1355 aut
2616 1281 2952 1372 docilem,
2994 1301 3114 1352 aut
3166 1299 3265 1349 at-

255 1407 560 1460 tentum.
615 1387 1034 1479 Infinuatio,
1083 1389 1178 1458 est
1227 1393 1444 1460 oratio
1493 1387 1780 1480 quadam
1829 1383 2375 1474 diffimulatione‚
2422 1387 2497 1460 δι
2550 1383 2939 1460 circuitione
2988 1381 3265 1454 obscure

253 1489 526 1576 subiens
581 1490 898 1574 auditoris
947 1493 1296 1562 animum.
1401 1561 1414 1576 ‚
2850 1541 2858 1548 .
3242 1539 3255 1548 .

323 1596 452 1675 ,In
501 1592 870 1678 admirabili
920 1615 1160 1685 genere
1211 1591 1480 1680 causae,
1531 1594 1582 1662 fi
1634 1613 1771 1662 non
1819 1565 2098 1664 omnino
2145 1591 2370 1661 infesti
2414 1589 2745 1660 auditores
2790 1605 3036 1675 erunt,
3086 1590 3272 1680 priu-

258 1696 436 1782 c1pio
483 1691 1010 1764 benevolentiam
1059 1716 1444 1788 comparare
1481 1693 1746 1766 licebit.
1797 1696 1908 1762 Sin
1947 1709 2146 1764 erunt
2199 1693 2623 1762 vehementer
2662 1689 3058 1775 abalienati,
3104 1712 3259 1757 con

259 1797 500 1884 fugere
549 1797 796 1868 necesse
845 1799 966 1868 erit
1011 1799 1094 1868 ad
1145 1798 1657 1868 infirmationem
1695 1798 1970 1864 ..Nam
2041 1791 2124 1862 ab
2174 1796 2357 1863 iratis
2426 1795 2473 1862 fi
2544 1791 2875 1883 perspicue
2928 1813 3057 1882 pax
3096 1841 3119 1877 ,
3185 1795 3260 1860 &

258 1895 730 1964 benevolentia
779 1901 1084 1986 petitur3
1151 1921 1290 1964 non
1337 1899 1536 1968 modo
1601 1918 1682 1966 ea
1735 1917 1872 1964 non
1923 1896 2264 1964 invenitur
2302 1947 2327 1984 ,
2401 1894 2511 1990 sed
2562 1909 2842 1985 augetur
2914 1913 3113 1982 atque
3164 1893 3273 1959 in-

263 1993 665 2062 flammatur
715 1996 944 2070 odium
979 2045 998 2060 .
1061 2001 1150 2076 ‚In
1197 1997 1438 2068 humili
1488 2014 1712 2068 autem
1763 2017 2002 2088 genere
2050 1996 2261 2066 causae
2314 2049 2345 2082 ‚
2401 1995 2903 2086 contemptionis
2954 1991 3269 2062 tollendas

259 2094 510 2179 causa,
556 2089 802 2172 net-effe
849 2093 976 2158 erit
1025 2105 1356 2160 attentum
1401 2099 1654 2163 efficere
1701 2099 2107 2182 auditorem.
2167 2101 2431 2188 Anceps
2482 2119 2693 2188 genus
2731 2095 2943 2168 causae
2970 2148 2992 2181 ,
3042 2094 3091 2162 fi
3142 2093 3267 2160 du·

248 2193 444 2264 biam
495 2193 968 2273 judicationem
1017 2191 1282 2266 habebit
1321 2245 1348 2280 ,
1389 2191 1475 2260 ab
1527 2192 1664 2280 ipsa
1713 2195 2108 2268 iudicatione
2158 2198 2644 2267 exordiendum
2691 2197 2819 2264 est.
2866 2197 2983 2263 Sin
3032 2211 3265 2268 autem

259 2311 528 2386 partem
575 2293 998 2383 turpitudinis
1051 2297 1122 2364 δε
1167 2311 1420 2381 partem
1457 2290 1816 2360 honestatis
1849 2289 2158 2377 habebit,
2204 2292 2737 2362 benevolentiam
2772 2315 3035 2380 captare
3072 2316 3267 2384 opor·

261 2394 468 2482 tebit,
513 2410 588 2464 ut
635 2397 708 2464 in
759 2417 975 2486 genus
1019 2391 1376 2462 honestum
1425 2390 1624 2468 caula
1675 2391 2008 2456 translata
2065 2389 2418 2460 videatur.
2473 2399 2653 2463 Cum
2702 2409 2927 2460 autem
2974 2397 3095 2460 erit
3144 2395 3267 2462 ho-

259 2497 528 2580 nestum
581 2497 790 2568 causae
844 2518 1054 2590 genus
1091 2547 1124 2582 „
1185 2494 1298 2564 vel
1349 2490 1661 2584 praeteriri
1707 2489 2108 2576 principium
2160 2493 2473 2578 poterit,
2530 2497 2675 2576 δε,
2728 2493 2775 2560 fi
2830 2495 3267 2564 commodum

189 2629 194 2634 ·
259 2599 468 2666 fuerit
509 2651 532 2686 ,.
581 2617 696 2666 aut
750 2618 789 2665 a
839 2597 1220 2666 narratione
1269 2596 1719 2682 incipiemus,
1784 2606 1901 2662 aut
1948 2613 1988 2658 a
2043 2591 2261 2678 lege,
2322 2607 2435 2660 aut
2484 2587 2565 2660 ab
2614 2591 2849 2680 aliqua
2902 2591 3267 2664 firmiffima

259 2700 526 2766 ratione
573 2699 802 2766 nostrae
847 2697 1206 2770 diffitionis·
1257 2696 1364 2766 vel
1419 2694 1468 2762 si
1521 2694 1622 2766 uti
1669 2691 1988 2782 principio
2037 2689 2318 2782 placebit
2356 2743 2379 2782 ,
2448 2689 2919 2780 benevolentiae
2970 2695 3259 2784 partibus

257 2795 594 2872 utendum
643 2799 770 2883 est,
824 2813 898 2882 ut
949 2799 1068 2883 id,
1109 2796 1288 2888 quod
1337 2795 1470 2882 est,
1521 2809 1886 2886 augeatur

369 2901 556 2968 XVI.
613 2904 694 2968 In
741 2897 1020 2970 obscuro
1065 2897 1286 2973 cauce
1327 2919 1570 2990 genere
1607 2949 1641 2986 ,
1697 2917 1808 2988 per
1856 2898 2251 2990 principium
2319 2903 2564 2976 dociles
2612 2901 2940 2974 auditores
3004 2903 3265 2973 efficere

255 2999 605 3088 opertebir.
663 3007 915 3090 Nunc,
954 3003 1322 3093 quoniam,
1368 3022 1536 3092 quas
1585 3020 1690 3070 res
1739 2999 2006 3072 exordio
2053 3003 2391 3075 conficere
2434 3022 2773 3096 oporteat,
2822 3005 3079 3074 dietum
3126 3003 3267 3096 est3

256 3103 608 3192 reliquum
647 3103 738 3193 est
785 3157 811 3191 ,
853 3119 927 3175 ut
975 3103 1400 3191 ostendatur,
1449 3100 1690 3195 quibus
1725 3125 2010 3197 quaeque
2063 3125 2166 3175 res
2216 3110 2578 3180 rationibus
2626 3107 2865 3178 confici
2916 3107 3135 3199 poffit.

367 3204 848 3274 Benevolentia
897 3220 1176 3293 quatuor
1225 3226 1311 3275 ex
1366 3207 1526 3275 locis
1575 3224 2002 3298 comparatur
2054 3232 2072 3274 ι
2143 3226 2185 3275 a
2236 3209 2490 3298 nostra,
2542 3206 2623 3277 ab
2678 3208 3263 3298 adversariorum,

260 3326 304 3371 a
355 3300 656 3381 judicum
703 3302 1001 3401 persona
1026 3352 1058 3386 ‚-
1111 3303 1196 3371 ab
1263 3305 1399 3390 ipsa
1443 3307 1643 3377 causa
1685 3355 1716 3377 .
1777 3314 1844 3375 A·
1891 3308 2170 3393 nostra,
2220 3309 2269 3377 fi
2318 3310 2400 3381 de
2450 3309 2685 3379 nostris
2736 3310 2927 3379 saetis
2960 3314 3101 3397 ,βε
3156 3310 3263 3377 of-

265 3403 442 3471 fiCiIS
494 3402 634 3470 fine
683 3404 1070 3493 arrogantlar
1111 3402 1462 3472 dicemus:
1519 3408 1572 3473 st
1616 3410 1902 3478 crimina
1953 3408 2195 3488 illata,
2247 3412 2317 3477 ὅ(
2378 3412 2635 3495 aliquas
2686 3412 2911 3473 minus
2960 3408 3261 3477 honestas

258 3503 664 3595 suspiciones
709 3504 983 3587 injectas
1029 3502 1420 3574 diluemus:
1477 3506 1532 3571 fi
1561 3556 1582 3595 ,
1647 3528 1792 3595 quae
1841 3505 2268 3571 incommoda
2322 3504 2679 3569 acciderint
2714 3550 2737 3586 ,
2804 3520 2919 3576 aut
2968 3526 3133 3595 quae
3162 3508 3261 3575 in.

255 3606 440 3675 stent
481 3604 968 3688 difficultates,
1018 3603 1502 3693 proferemus:
1559 3602 1608 3667 fi
1662 3621 1894 3689 prece,
1941 3605 2024 3672 &-
2071 3597 2511 3669 obsecratione
2560 3596 2841 3687 humili,
2892 3623 2969 3669 ac
3025 3604 3260 3691 suppli-

298 3710 318 3726 ·
370 3720 692 3773 utemur.
699 3702 886 3771 Ab
917 3700 1441 3772 adverlitriorum
1492 3716 1776 3784 autem,
1847 3699 1894 3769 fi
1945 3722 2056 3767 eos
2105 3716 2217 3765 aut
2268 3702 2345 3767 in
2391 3699 2622 3768 odium
2662 3752 2685 3788 ,
2756 3716 2871 3771 aut
2942 3704 3015 3769 in
3088 3706 3263 3777 invi-

253 3732 494 3890 {ihm
543 3818 659 3871 aut
703 3800 786 3867 in
823 3801 1398 3888 contemptionem
1431 3798 1866 3867 adducemus.
1927 3802 2006 3865 I-n
2057 3796 2283 3867 odium
2333 3799 2809 3895 adducentur,
2846 3802 2894 3871 fi
2944 3804 3104 3895 quid
3144 3828 3255 3877 eo-
3304 3834 3341 3885 .,·

257 3926 420 3977 rum
473 3902 751 3995 spurce,
793 3898 1122 3990 superbe,.
1157 3898 1568 3986 crudeliter,
1603 3898 1928 3969 malitiose
1985 3898 2251 3969 fanum
2289 3854 2837 3990 proferetur-1:11
2887 3905 3257 4002 invidiam,

204 4064 208 4069 .
251 4009 302 4080 fi
364 4007 464 4073 vis
511 4024 748 4075 eorum
786 4055 809 4089 ,
861 4003 1208 4091 potentia,
1253 4000 1552 4087 divitiae,
1601 4002 1914 4092 cognatio
1953 4053 1986 4087 r
2023 4002 2315 4091 pecuniae
2366 4006 2851 4094 proferentur,
2902 4024 3096 4099 atque
3142 4035 3253 4081 eo-

249 4127 418 4176 rum
459 4106 620 4175 usus
669 4122 1044 4193 arrogans3
1089 4105 1162 4173 δι
1214 4099 1703 4172 intolerabilis·
1685 4129 1720 4191 3
1777 4118 1850 4171 ut
1900 4101 2004 4171 his
2055 4102 2251 4173 rebus
2296 4108 2513 4199 magis
2562 4105 2917 4177 videantur
2956 4162 2989 4197 ,
3044 4134 3277 4201 quam.

253 4207 480 4291 caulie
517 4206 647 4277 suae
696 4203 1110 4275 confidere„
1157 4206 1235 4271 ln
1285 4208 1846 4302 contemptionem
1896 4202 2371 4295 adducentur,
2424 4210 2472 4277 fi
2526 4230 2761 4279 eorum
2811 4211 3091 4301 inertia,
3138 4237 3251 4285 ne-

251 4312 641 4403 gligentia,
689 4308 957 4398 ignavia
995 4355 1032 4393 ,
1085 4302 1480 4372 desidiosum
1527 4303 1884 4391 studium,
1951 4310 2022 4378 δε
2078 4261 2505 4379 luxurio’sum
2553 4312 2772 4380 otium
2818 4314 3255 4401 proferetur..

254 4412 364 4481 Ab
417 4410 804 4481 auditorum
857 4407 1134 4497 persona
1184 4404 1642 4475 benevolentia
1691 4405 2058 4498 captabitur
2099 4461 2124 4498 ,
2194 4410 2241 4479 fi
2294 4432 2397 4481 r-es
2466 4410 2546 4478 ab
2590 4413 2697 4480 his
2752 4412 3041 4485 fortiter
3061 4469 3084 4504 ‚
3150 4421 3249 4489 sa-

253 4512 566 4603 pientes,
567 4572 572 4580 .
629 4509 974 4579 manluete
1026 4503 1218 4598 gestae
1267 4508 1676 4597 proferentur
1715 4562 1750 4595 ,
1803 4525 1878 4577 ut
1928 4530 2012 4576 ne
2062 4532 2197 4601 qua
2246 4512 2583 4585 affentatio
2648 4515 2854 4583 nimia
2922 4520 3250 4611 significe-

253 4629 434 4686 tur:
497 4617 570 4693 &5
625 4614 683 4683 ιὶ
727 4612 816 4686 de
861 4612 965 4683 his
996 4628 1222 4710 quam
1273 4606 1547 4703 honesta
1588 4609 1988 4681 existimatio
2023 4662 2057 4705 ,
2094 4630 2467 4708 quantaque
2514 4638 2749 4689 eorum
2802 4618 3035 4699 judicii
3080 4676 3115 4710 ,
3170 4625 3245 4695 δε

3030 4743 3147 4791 au·

333 5058 366 5121 (
386 5075 416 5131 5
423 5062 502 5135 3)
535 5068 790 5138 Inprinci
821 5074 974 5135 ium,
1009 5063 1212 5143 ms
1181 5069 1583 5141 annnorum),
1607 5065 1698 5129 sic
1799 5070 2002 5126 Graece
2037 5084 2132 5137 τρο
2133 5068 2275 5134 ε’μιον
2307 5068 2661 5143 appellatur,
2698 5072 2753 5121 δι·
2790 5056 3085 5187 insinuatio
3120 5080 3241 5133 quat

265 5129 321 5185 ἃ(
361 5130 754 5198 Herennianus
887 5158 1009 5199 etor
1039 5137 1148 5196 lib..
1164 5159 1213 5196 ι.
1253 5157 1404 5219 num.
1427 5148 1492 5199 6
1520 5147 1705 5201 Exor-
1799 5138 1972 5201 ἔφοδος
2009 5154 2381 5199 nonunatur
2423 5138 2569 5199 Vide
2603 5128 2941 5207 Quintilian
2986 5148 3105 5206 pag·
3120 5140 3248 5199 >ab

297 5200 518 5277 dmum
557 5206 668 5278 duo
702 5209 832 5279 fiant
865 5228 1114 5291 genera·
1180 5208 1522 5283 principium
1565 5208 1714 5280 quod
1810 5224 2072 5285 not-153.
2109 5208 2315 5267 Idem
