<?xml version="1.0" encoding="UTF-8"?>
<!DOCTYPE html PUBLIC "-//W3C//DTD XHTML 1.0 Transitional//EN"
    "http://www.w3.org/TR/xhtml1/DTD/xhtml1-transitional.dtd">
<html xmlns="http://www.w3.org/1999/xhtml" xml:lang="en" lang="en">
 <head>
  <title>
</title>
<meta http-equiv="Content-Type" content="text/html;charset=utf-8" />
  <meta name='ocr-system' content='tesseract 3.04.00' />
  <meta name='ocr-capabilities' content='ocr_page ocr_carea ocr_par ocr_line ocrx_word'/>
</head>
<body>
  <div class='ocr_page' id='page_1' title='image "./operacumdelectu00dgoog_0337.png"; bbox 0 0 4359 6321; ppageno 0'>
   <div class='ocr_carea' id='block_1_1' title="bbox 69 486 3217 4898">
    <p class='ocr_par' dir='ltr' id='par_1_1' title="bbox 231 486 3217 1051">
     <span class='ocr_line' id='line_1_1' title="bbox 241 486 3213 655; baseline 0.006 -29"><span class='ocrx_word' id='word_1_1' title='bbox 241 570 442 651; x_wconf 84' lang='lat' dir='ltr'>quam</span> <span class='ocrx_word' id='word_1_2' title='bbox 491 570 568 623; x_wconf 84' lang='lat' dir='ltr'>ea</span> <span class='ocrx_word' id='word_1_3' title='bbox 621 547 756 643; x_wconf 80' lang='lat' dir='ltr'>ipsa</span> <span class='ocrx_word' id='word_1_4' title='bbox 811 550 1399 643; x_wconf 78' lang='lat' dir='ltr'>Peripateticorum</span> <span class='ocrx_word' id='word_1_5' title='bbox 1451 556 2142 655; x_wconf 78' lang='lat' dir='ltr'>Academicorumque</span> <span class='ocrx_word' id='word_1_6' title='bbox 2177 556 2603 639; x_wconf 64' lang='lat' dir='ltr'>‘consuetudo</span> <span class='ocrx_word' id='word_1_7' title='bbox 2672 568 2745 639; x_wconf 78' lang='lat' dir='ltr'>in</span> <span class='ocrx_word' id='word_1_8' title='bbox 2812 486 3083 648; x_wconf 47' lang='lat' dir='ltr'>raffofms·</span> <span class='ocrx_word' id='word_1_9' title='bbox 3113 578 3213 652; x_wconf 81' lang='lat' dir='ltr'>di..</span> 
     </span>
     <span class='ocr_line' id='line_1_2' title="bbox 239 652 3209 761; baseline 0.003 -32"><span class='ocrx_word' id='word_1_10' title='bbox 239 659 427 729; x_wconf 88' lang='lat' dir='ltr'>cendi</span> <span class='ocrx_word' id='word_1_11' title='bbox 479 655 630 722; x_wconf 87' lang='lat' dir='ltr'>talis</span> <span class='ocrx_word' id='word_1_12' title='bbox 682 652 815 740; x_wconf 84' lang='lat' dir='ltr'>est,</span> <span class='ocrx_word' id='word_1_13' title='bbox 866 672 941 723; x_wconf 89' lang='lat' dir='ltr'>ut</span> <span class='ocrx_word' id='word_1_14' title='bbox 1000 676 1122 723; x_wconf 89' lang='lat' dir='ltr'>nec</span> <span class='ocrx_word' id='word_1_15' title='bbox 1173 656 1490 744; x_wconf 86' lang='lat' dir='ltr'>perficere</span> <span class='ocrx_word' id='word_1_16' title='bbox 1521 677 1870 729; x_wconf 79' lang='lat' dir='ltr'>oratorem</span> <span class='ocrx_word' id='word_1_17' title='bbox 1943 667 2122 752; x_wconf 84' lang='lat' dir='ltr'>poffit</span> <span class='ocrx_word' id='word_1_18' title='bbox 2177 668 2307 758; x_wconf 67' lang='lat' dir='ltr'>ipsa</span> <span class='ocrx_word' id='word_1_19' title='bbox 2370 692 2482 761; x_wconf 86' lang='lat' dir='ltr'>per</span> <span class='ocrx_word' id='word_1_20' title='bbox 2542 669 2711 761; x_wconf 71' lang='lat' dir='ltr'>lese,</span> <span class='ocrx_word' id='word_1_21' title='bbox 2761 694 2883 743; x_wconf 81' lang='lat' dir='ltr'>nec</span> <span class='ocrx_word' id='word_1_22' title='bbox 2944 678 3077 745; x_wconf 61' lang='grc' dir='ltr'>[ωε</span> <span class='ocrx_word' id='word_1_23' title='bbox 3128 702 3209 748; x_wconf 72' lang='lat' dir='ltr'>ea</span> 
     </span>
     <span class='ocr_line' id='line_1_3' title="bbox 235 754 3209 869; baseline 0.005 -46"><span class='ocrx_word' id='word_1_24' title='bbox 235 776 455 829; x_wconf 88' lang='lat' dir='ltr'>orator</span> <span class='ocrx_word' id='word_1_25' title='bbox 505 756 628 825; x_wconf 83' lang='lat' dir='ltr'>effe</span> <span class='ocrx_word' id='word_1_26' title='bbox 677 754 1008 843; x_wconf 63' lang='lat' dir='ltr'>perfectus</span> <span class='ocrx_word' id='word_1_27' title='bbox 1049 804 1068 823; x_wconf 92' lang='lat'><strong>.</strong></span> <span class='ocrx_word' id='word_1_28' title='bbox 1137 760 1365 844; x_wconf 84' lang='lat' dir='ltr'>Nam,</span> <span class='ocrx_word' id='word_1_29' title='bbox 1415 772 1490 827; x_wconf 88' lang='lat' dir='ltr'>ut</span> <span class='ocrx_word' id='word_1_30' title='bbox 1539 760 1914 831; x_wconf 87' lang='lat' dir='ltr'>Stoicorum</span> <span class='ocrx_word' id='word_1_31' title='bbox 1969 763 2331 838; x_wconf 70' lang='lat' dir='ltr'>adstristior</span> <span class='ocrx_word' id='word_1_32' title='bbox 2380 774 2473 840; x_wconf 89' lang='lat' dir='ltr'>est</span> <span class='ocrx_word' id='word_1_33' title='bbox 2521 776 2729 843; x_wconf 85' lang='lat' dir='ltr'>oratio</span> <span class='ocrx_word' id='word_1_34' title='bbox 2764 826 2789 862; x_wconf 88' lang='lat'>,</span> <span class='ocrx_word' id='word_1_35' title='bbox 2834 778 3209 869; x_wconf 66' lang='lat' dir='ltr'>aliquanto.</span> 
     </span>
     <span class='ocr_line' id='line_1_4' title="bbox 231 855 3217 955; baseline 0.007 -30"><span class='ocrx_word' id='word_1_36' title='bbox 231 880 358 949; x_wconf 89' lang='lat' dir='ltr'>que</span> <span class='ocrx_word' id='word_1_37' title='bbox 409 855 806 955; x_wconf 56' lang='lat' dir='ltr'>contractior</span> <span class='ocrx_word' id='word_1_38' title='bbox 847 910 872 944; x_wconf 90' lang='lat'>,</span> <span class='ocrx_word' id='word_1_39' title='bbox 944 878 1149 947; x_wconf 83' lang='lat' dir='ltr'>quam</span> <span class='ocrx_word' id='word_1_40' title='bbox 1195 880 1390 928; x_wconf 82' lang='lat' dir='ltr'>aures</span> <span class='ocrx_word' id='word_1_41' title='bbox 1444 863 1666 949; x_wconf 85' lang='lat' dir='ltr'>populi</span> <span class='ocrx_word' id='word_1_42' title='bbox 1719 865 2060 955; x_wconf 84' lang='lat' dir='ltr'>requirunt</span> <span class='ocrx_word' id='word_1_43' title='bbox 2101 890 2118 931; x_wconf 70' lang='grc' dir='ltr'>ι</span> <span class='ocrx_word' id='word_1_44' title='bbox 2192 870 2275 939; x_wconf 84' lang='lat' dir='ltr'>fic</span> <span class='ocrx_word' id='word_1_45' title='bbox 2330 872 2607 943; x_wconf 83' lang='lat' dir='ltr'>illorum</span> <span class='ocrx_word' id='word_1_46' title='bbox 2676 874 2931 945; x_wconf 82' lang='lat' dir='ltr'>liberior</span> <span class='ocrx_word' id='word_1_47' title='bbox 2984 882 3053 951; x_wconf 90' lang='lat'>&amp;</span> <span class='ocrx_word' id='word_1_48' title='bbox 3112 882 3217 951; x_wconf 76' lang='lat' dir='ltr'>la·</span> 
     </span>
     <span class='ocr_line' id='line_1_5' title="bbox 231 957 2269 1051; baseline 0.003 -23"><span class='ocrx_word' id='word_1_49' title='bbox 231 964 406 1048; x_wconf 79' lang='lat' dir='ltr'>tlor,</span> <span class='ocrx_word' id='word_1_50' title='bbox 456 980 658 1050; x_wconf 87' lang='lat' dir='ltr'>quam</span> <span class='ocrx_word' id='word_1_51' title='bbox 711 960 958 1049; x_wconf 83' lang='lat' dir='ltr'>patitur</span> <span class='ocrx_word' id='word_1_52' title='bbox 1012 957 1422 1027; x_wconf 84' lang='lat' dir='ltr'>consuetudo</span> <span class='ocrx_word' id='word_1_53' title='bbox 1474 961 1916 1051; x_wconf 81' lang='lat' dir='ltr'>judiciorum,</span> <span class='ocrx_word' id='word_1_54' title='bbox 1964 966 2034 1036; x_wconf 73' lang='grc' dir='ltr'>δε</span> <span class='ocrx_word' id='word_1_55' title='bbox 2094 966 2269 1035; x_wconf 65' lang='lat' dir='ltr'>fori,</span> 
     </span>
    </p>

    <p class='ocr_par' dir='ltr' id='par_1_2' title="bbox 225 1058 3209 1661">
     <span class='ocr_line' id='line_1_6' title="bbox 336 1058 3207 1167; baseline 0.005 -40"><span class='ocrx_word' id='word_1_56' title='bbox 336 1062 505 1147; x_wconf 70' lang='lat' dir='ltr'>Quis</span> <span class='ocrx_word' id='word_1_57' title='bbox 559 1062 743 1131; x_wconf 86' lang='lat' dir='ltr'>enim</span> <span class='ocrx_word' id='word_1_58' title='bbox 793 1060 1052 1131; x_wconf 79' lang='lat' dir='ltr'>uberior</span> <span class='ocrx_word' id='word_1_59' title='bbox 1105 1062 1172 1129; x_wconf 85' lang='lat' dir='ltr'>in</span> <span class='ocrx_word' id='word_1_60' title='bbox 1227 1058 1502 1128; x_wconf 81' lang='lat' dir='ltr'>dicendo</span> <span class='ocrx_word' id='word_1_61' title='bbox 1554 1063 1886 1134; x_wconf 78' lang='lat' dir='ltr'>Platone?</span> <span class='ocrx_word' id='word_1_62' title='bbox 1937 1068 2172 1145; x_wconf 83' lang='lat' dir='ltr'>Jovem</span> <span class='ocrx_word' id='word_1_63' title='bbox 2232 1072 2419 1151; x_wconf 66' lang='lat' dir='ltr'>ajunt</span> <span class='ocrx_word' id='word_1_64' title='bbox 2468 1072 2872 1167; x_wconf 83' lang='lat' dir='ltr'>philolophi,</span> <span class='ocrx_word' id='word_1_65' title='bbox 2908 1081 2971 1151; x_wconf 78' lang='lat' dir='ltr'>fi</span> <span class='ocrx_word' id='word_1_66' title='bbox 3024 1086 3207 1153; x_wconf 72' lang='lat' dir='ltr'>Grae.</span> 
     </span>
     <span class='ocr_line' id='line_1_7' title="bbox 229 1161 3205 1262; baseline 0.007 -33"><span class='ocrx_word' id='word_1_67' title='bbox 229 1186 304 1233; x_wconf 85' lang='lat' dir='ltr'>ce</span> <span class='ocrx_word' id='word_1_68' title='bbox 356 1163 714 1255; x_wconf 77' lang='lat' dir='ltr'>loquatur,¹</span> <span class='ocrx_word' id='word_1_69' title='bbox 762 1164 850 1230; x_wconf 81' lang='lat' dir='ltr'>fic</span> <span class='ocrx_word' id='word_1_70' title='bbox 905 1164 1142 1251; x_wconf 91' lang='lat' dir='ltr'>loqui.</span> <span class='ocrx_word' id='word_1_71' title='bbox 1224 1161 1394 1246; x_wconf 85' lang='lat' dir='ltr'>Quis</span> <span class='ocrx_word' id='word_1_72' title='bbox 1445 1162 1800 1235; x_wconf 83' lang='lat' dir='ltr'>Aristotele</span> <span class='ocrx_word' id='word_1_73' title='bbox 1875 1169 2213 1237; x_wconf 80' lang='lat' dir='ltr'>nervofior</span> <span class='ocrx_word' id='word_1_74' title='bbox 2244 1172 2281 1236; x_wconf 71' lang='grc' dir='ltr'><em>ἒ</em></span> <span class='ocrx_word' id='word_1_75' title='bbox 2354 1170 2810 1262; x_wconf 80' lang='lat' dir='ltr'>Theophrasto</span> <span class='ocrx_word' id='word_1_76' title='bbox 2873 1179 3125 1251; x_wconf 90' lang='lat' dir='ltr'>dulcior</span> <span class='ocrx_word' id='word_1_77' title='bbox 3174 1186 3205 1250; x_wconf 67' lang='grc' dir='ltr'><strong><em>ἓ</em></strong></span> 
     </span>
     <span class='ocr_line' id='line_1_8' title="bbox 231 1262 3207 1371; baseline 0.004 -36"><span class='ocrx_word' id='word_1_78' title='bbox 231 1266 633 1335; x_wconf 67' lang='grc' dir='ltr'>[εξὶῐῑεινίίΐε</span> <span class='ocrx_word' id='word_1_79' title='bbox 687 1263 1038 1332; x_wconf 84' lang='lat' dir='ltr'>Platonem</span> <span class='ocrx_word' id='word_1_80' title='bbox 1107 1262 1382 1331; x_wconf 78' lang='lat' dir='ltr'>studiose</span> <span class='ocrx_word' id='word_1_81' title='bbox 1421 1315 1442 1349; x_wconf 91' lang='lat'>,</span> <span class='ocrx_word' id='word_1_82' title='bbox 1513 1264 1823 1334; x_wconf 81' lang='lat' dir='ltr'>audiviffe</span> <span class='ocrx_word' id='word_1_83' title='bbox 1891 1270 2087 1336; x_wconf 88' lang='lat' dir='ltr'>etiam</span> <span class='ocrx_word' id='word_1_84' title='bbox 2143 1270 2627 1343; x_wconf 87' lang='lat' dir='ltr'>Demosthenes</span> <span class='ocrx_word' id='word_1_85' title='bbox 2676 1278 2959 1347; x_wconf 68' lang='lat' dir='ltr'>diciturz</span> <span class='ocrx_word' id='word_1_86' title='bbox 3008 1284 3207 1371; x_wconf 79' lang='lat' dir='ltr'>idque</span> 
     </span>
     <span class='ocr_line' id='line_1_9' title="bbox 227 1364 3205 1469; baseline 0.004 -34"><span class='ocrx_word' id='word_1_87' title='bbox 227 1382 492 1456; x_wconf 80' lang='lat' dir='ltr'>apparet</span> <span class='ocrx_word' id='word_1_88' title='bbox 541 1369 616 1432; x_wconf 81' lang='lat' dir='ltr'>in</span> <span class='ocrx_word' id='word_1_89' title='bbox 669 1387 956 1455; x_wconf 84' lang='lat' dir='ltr'>genere,</span> <span class='ocrx_word' id='word_1_90' title='bbox 1006 1367 1078 1435; x_wconf 71' lang='grc' dir='ltr'>ὅ(</span> <span class='ocrx_word' id='word_1_91' title='bbox 1135 1364 1504 1454; x_wconf 79' lang='lat' dir='ltr'>granditate</span> <span class='ocrx_word' id='word_1_92' title='bbox 1556 1364 1964 1437; x_wconf 61' lang='lat' dir='ltr'>verborum.r</span> <span class='ocrx_word' id='word_1_93' title='bbox 2011 1371 2187 1439; x_wconf 89' lang='lat' dir='ltr'>Dicit</span> <span class='ocrx_word' id='word_1_94' title='bbox 2238 1374 2439 1441; x_wconf 80' lang='lat' dir='ltr'>etiam</span> <span class='ocrx_word' id='word_1_95' title='bbox 2488 1376 2559 1443; x_wconf 83' lang='lat' dir='ltr'>in</span> <span class='ocrx_word' id='word_1_96' title='bbox 2609 1376 2907 1469; x_wconf 78' lang='lat' dir='ltr'>quadam</span> <span class='ocrx_word' id='word_1_97' title='bbox 2976 1380 3205 1469; x_wconf 86' lang='lat' dir='ltr'>episto-</span> 
     </span>
     <span class='ocr_line' id='line_1_10' title="bbox 227 1462 3209 1573; baseline 0.006 -38"><span class='ocrx_word' id='word_1_98' title='bbox 227 1470 296 1535; x_wconf 84' lang='lat' dir='ltr'>la</span> <span class='ocrx_word' id='word_1_99' title='bbox 345 1469 474 1535; x_wconf 84' lang='lat' dir='ltr'>hoc</span> <span class='ocrx_word' id='word_1_100' title='bbox 529 1466 659 1555; x_wconf 76' lang='lat' dir='ltr'>iple</span> <span class='ocrx_word' id='word_1_101' title='bbox 711 1466 789 1533; x_wconf 87' lang='lat' dir='ltr'>de</span> <span class='ocrx_word' id='word_1_102' title='bbox 847 1462 1016 1533; x_wconf 81' lang='lat' dir='ltr'>sese.</span> <span class='ocrx_word' id='word_1_103' title='bbox 1067 1466 1191 1535; x_wconf 88' lang='lat' dir='ltr'>Sed</span> <span class='ocrx_word' id='word_1_104' title='bbox 1250 1470 1319 1538; x_wconf 72' lang='grc' dir='ltr'>ὃ(</span> <span class='ocrx_word' id='word_1_105' title='bbox 1377 1465 1580 1545; x_wconf 77' lang='lat' dir='ltr'>buius</span> <span class='ocrx_word' id='word_1_106' title='bbox 1628 1470 1834 1537; x_wconf 87' lang='lat' dir='ltr'>oratio</span> <span class='ocrx_word' id='word_1_107' title='bbox 1887 1472 1968 1551; x_wconf 39' lang='lat' dir='ltr'>iu·</span> <span class='ocrx_word' id='word_1_108' title='bbox 2011 1472 2483 1560; x_wconf 78' lang='lat' dir='ltr'>philosophiam</span> <span class='ocrx_word' id='word_1_109' title='bbox 2534 1480 2901 1569; x_wconf 85' lang='lat' dir='ltr'>translata,</span> <span class='ocrx_word' id='word_1_110' title='bbox 2950 1502 3209 1573; x_wconf 48' lang='lat' dir='ltr'>pugnar-</span> 
     </span>
     <span class='ocr_line' id='line_1_11' title="bbox 225 1566 2645 1661; baseline 0.002 -24"><span class='ocrx_word' id='word_1_111' title='bbox 225 1572 364 1637; x_wconf 87' lang='lat' dir='ltr'>cior</span> <span class='ocrx_word' id='word_1_112' title='bbox 426 1581 548 1653; x_wconf 88' lang='lat' dir='ltr'>(ut</span> <span class='ocrx_word' id='word_1_113' title='bbox 609 1570 694 1635; x_wconf 86' lang='lat' dir='ltr'>ita</span> <span class='ocrx_word' id='word_1_114' title='bbox 745 1566 1018 1655; x_wconf 86' lang='lat' dir='ltr'>dicam)</span> <span class='ocrx_word' id='word_1_115' title='bbox 1073 1567 1384 1658; x_wconf 80' lang='lat' dir='ltr'>videtur,</span> <span class='ocrx_word' id='word_1_116' title='bbox 1429 1570 1502 1638; x_wconf 76' lang='grc' dir='ltr'>ὅτ.</span> <span class='ocrx_word' id='word_1_117' title='bbox 1555 1570 1832 1640; x_wconf 88' lang='lat' dir='ltr'>illorum</span> <span class='ocrx_word' id='word_1_118' title='bbox 1895 1574 1962 1639; x_wconf 88' lang='lat' dir='ltr'>in</span> <span class='ocrx_word' id='word_1_119' title='bbox 2013 1573 2263 1651; x_wconf 81' lang='lat' dir='ltr'>judicia</span> <span class='ocrx_word' id='word_1_120' title='bbox 2313 1574 2645 1661; x_wconf 81' lang='lat' dir='ltr'>pacatior.</span> 
     </span>
    </p>

    <p class='ocr_par' dir='ltr' id='par_1_3' title="bbox 214 1669 3207 2360">
     <span class='ocr_line' id='line_1_12' title="bbox 327 1669 3207 1769; baseline 0.006 -34"><span class='ocrx_word' id='word_1_121' title='bbox 327 1670 614 1735; x_wconf 85' lang='lat' dir='ltr'>XXXII.</span> <span class='ocrx_word' id='word_1_122' title='bbox 669 1672 872 1739; x_wconf 88' lang='lat' dir='ltr'>Nunc</span> <span class='ocrx_word' id='word_1_123' title='bbox 927 1669 1334 1761; x_wconf 81' lang='lat' dir='ltr'>reliquorum</span> <span class='ocrx_word' id='word_1_124' title='bbox 1387 1688 1728 1740; x_wconf 85' lang='lat' dir='ltr'>oratorum</span> <span class='ocrx_word' id='word_1_125' title='bbox 1779 1690 2002 1743; x_wconf 82' lang='lat' dir='ltr'>aetates</span> <span class='ocrx_word' id='word_1_126' title='bbox 2037 1727 2062 1763; x_wconf 85' lang='lat'>,</span> <span class='ocrx_word' id='word_1_127' title='bbox 2129 1672 2176 1741; x_wconf 85' lang='lat' dir='ltr'><strong>fi</strong></span> <span class='ocrx_word' id='word_1_128' title='bbox 2231 1675 2450 1763; x_wconf 87' lang='lat' dir='ltr'>placet</span> <span class='ocrx_word' id='word_1_129' title='bbox 2486 1729 2509 1762; x_wconf 97' lang='lat'>,</span> <span class='ocrx_word' id='word_1_130' title='bbox 2560 1678 2633 1746; x_wconf 78' lang='grc' dir='ltr'>δε</span> <span class='ocrx_word' id='word_1_131' title='bbox 2687 1679 2937 1769; x_wconf 84' lang='lat' dir='ltr'>gradus</span> <span class='ocrx_word' id='word_1_132' title='bbox 2988 1684 3207 1769; x_wconf 74' lang='lat' dir='ltr'>perst-</span> 
     </span>
     <span class='ocr_line' id='line_1_13' title="bbox 225 1768 3205 1870; baseline 0.003 -31"><span class='ocrx_word' id='word_1_133' title='bbox 225 1792 556 1863; x_wconf 61' lang='lat' dir='ltr'>quamun</span> <span class='ocrx_word' id='word_1_134' title='bbox 604 1768 810 1839; x_wconf 86' lang='lat' dir='ltr'>Nobis</span> <span class='ocrx_word' id='word_1_135' title='bbox 869 1792 1078 1859; x_wconf 83' lang='lat' dir='ltr'>vero,</span> <span class='ocrx_word' id='word_1_136' title='bbox 1122 1774 1336 1862; x_wconf 85' lang='lat' dir='ltr'>inquit</span> <span class='ocrx_word' id='word_1_137' title='bbox 1387 1776 1696 1861; x_wconf 85' lang='lat' dir='ltr'>Atticus,</span> <span class='ocrx_word' id='word_1_138' title='bbox 1753 1777 1824 1845; x_wconf 84' lang='lat'>&amp;</span> <span class='ocrx_word' id='word_1_139' title='bbox 1885 1776 2309 1845; x_wconf 78' lang='lat' dir='ltr'>vehementer</span> <span class='ocrx_word' id='word_1_140' title='bbox 2360 1778 2631 1868; x_wconf 82' lang='lat' dir='ltr'>quidem</span> <span class='ocrx_word' id='word_1_141' title='bbox 2670 1832 2692 1869; x_wconf 95' lang='lat'>,</span> <span class='ocrx_word' id='word_1_142' title='bbox 2740 1796 2813 1849; x_wconf 90' lang='lat' dir='ltr'>ut</span> <span class='ocrx_word' id='word_1_143' title='bbox 2866 1800 2986 1870; x_wconf 87' lang='lat' dir='ltr'>pro</span> <span class='ocrx_word' id='word_1_144' title='bbox 3036 1786 3205 1852; x_wconf 84' lang='lat' dir='ltr'>Bru-</span> 
     </span>
     <span class='ocr_line' id='line_1_14' title="bbox 226 1872 3203 1968; baseline 0.005 -29"><span class='ocrx_word' id='word_1_145' title='bbox 226 1890 294 1939; x_wconf 89' lang='lat' dir='ltr'>to</span> <span class='ocrx_word' id='word_1_146' title='bbox 345 1874 550 1943; x_wconf 86' lang='lat' dir='ltr'>etiam</span> <span class='ocrx_word' id='word_1_147' title='bbox 605 1874 1028 1961; x_wconf 84' lang='lat' dir='ltr'>respondeam</span> <span class='ocrx_word' id='word_1_148' title='bbox 1069 1917 1086 1938; x_wconf 88' lang='lat'>.</span> <span class='ocrx_word' id='word_1_149' title='bbox 1155 1875 1360 1941; x_wconf 89' lang='lat' dir='ltr'>Curio</span> <span class='ocrx_word' id='word_1_150' title='bbox 1415 1872 1540 1939; x_wconf 88' lang='lat' dir='ltr'>fuit</span> <span class='ocrx_word' id='word_1_151' title='bbox 1571 1878 1799 1965; x_wconf 54' lang='lat' dir='ltr'>,igitur</span> <span class='ocrx_word' id='word_1_152' title='bbox 1867 1876 2164 1955; x_wconf 76' lang='lat' dir='ltr'>ejusdem</span> <span class='ocrx_word' id='word_1_153' title='bbox 2215 1879 2423 1947; x_wconf 80' lang='lat' dir='ltr'>aetatis</span> <span class='ocrx_word' id='word_1_154' title='bbox 2474 1880 2607 1949; x_wconf 89' lang='lat' dir='ltr'>fere</span> <span class='ocrx_word' id='word_1_155' title='bbox 2647 1933 2673 1968; x_wconf 88' lang='lat'>,</span> <span class='ocrx_word' id='word_1_156' title='bbox 2724 1881 2876 1950; x_wconf 81' lang='lat' dir='ltr'>sane</span> <span class='ocrx_word' id='word_1_157' title='bbox 2927 1882 3203 1953; x_wconf 82' lang='lat' dir='ltr'>illustris</span> 
     </span>
     <span class='ocr_line' id='line_1_15' title="bbox 223 1974 3205 2069; baseline 0.005 -30"><span class='ocrx_word' id='word_1_158' title='bbox 223 1992 483 2059; x_wconf 87' lang='lat' dir='ltr'>orator,</span> <span class='ocrx_word' id='word_1_159' title='bbox 536 1976 726 2053; x_wconf 80' lang='lat' dir='ltr'>cujus</span> <span class='ocrx_word' id='word_1_160' title='bbox 777 1974 880 2047; x_wconf 70' lang='lat' dir='ltr'>de,</span> <span class='ocrx_word' id='word_1_161' title='bbox 930 1975 1200 2062; x_wconf 82' lang='lat' dir='ltr'>ingenio</span> <span class='ocrx_word' id='word_1_162' title='bbox 1267 1997 1353 2042; x_wconf 79' lang='lat' dir='ltr'>ex</span> <span class='ocrx_word' id='word_1_163' title='bbox 1407 1974 1810 2045; x_wconf 71' lang='lat' dir='ltr'>orationibus</span> <span class='ocrx_word' id='word_1_164' title='bbox 1857 1978 2002 2056; x_wconf 76' lang='lat' dir='ltr'>ejus</span> <span class='ocrx_word' id='word_1_165' title='bbox 2067 1980 2429 2047; x_wconf 80' lang='lat' dir='ltr'>existimari</span> <span class='ocrx_word' id='word_1_166' title='bbox 2482 1982 2683 2069; x_wconf 84' lang='lat' dir='ltr'>potest</span> <span class='ocrx_word' id='word_1_167' title='bbox 2722 2030 2740 2051; x_wconf 91' lang='lat'><strong>.</strong></span> <span class='ocrx_word' id='word_1_168' title='bbox 2792 1989 2962 2051; x_wconf 83' lang='lat' dir='ltr'>Sunt</span> <span class='ocrx_word' id='word_1_169' title='bbox 3014 1986 3205 2053; x_wconf 77' lang='lat' dir='ltr'>enim.</span> 
     </span>
     <span class='ocr_line' id='line_1_16' title="bbox 214 2075 3203 2174; baseline 0.005 -34"><span class='ocrx_word' id='word_1_170' title='bbox 214 2076 294 2143; x_wconf 88' lang='lat'>.&amp;</span> <span class='ocrx_word' id='word_1_171' title='bbox 356 2075 544 2171; x_wconf 71' lang='lat' dir='ltr'>alie,</span> <span class='ocrx_word' id='word_1_172' title='bbox 597 2078 669 2145; x_wconf 88' lang='lat'>&amp;</span> <span class='ocrx_word' id='word_1_173' title='bbox 725 2097 840 2165; x_wconf 90' lang='lat' dir='ltr'>pro</span> <span class='ocrx_word' id='word_1_174' title='bbox 890 2078 1024 2143; x_wconf 87' lang='lat' dir='ltr'>Ser.</span> <span class='ocrx_word' id='word_1_175' title='bbox 1079 2076 1364 2162; x_wconf 82' lang='lat' dir='ltr'>Fulvio,</span> <span class='ocrx_word' id='word_1_176' title='bbox 1412 2075 1496 2143; x_wconf 92' lang='lat' dir='ltr'>de</span> <span class='ocrx_word' id='word_1_177' title='bbox 1547 2076 1836 2163; x_wconf 90' lang='lat' dir='ltr'>incestu,</span> <span class='ocrx_word' id='word_1_178' title='bbox 1889 2076 2129 2147; x_wconf 87' lang='lat' dir='ltr'>nobilis</span> <span class='ocrx_word' id='word_1_179' title='bbox 2179 2084 2433 2148; x_wconf 82' lang='lat' dir='ltr'>oratio.</span> <span class='ocrx_word' id='word_1_180' title='bbox 2492 2081 2694 2150; x_wconf 91' lang='lat' dir='ltr'>Nobis</span> <span class='ocrx_word' id='word_1_181' title='bbox 2734 2083 3001 2174; x_wconf 77' lang='lat' dir='ltr'>quidem</span> <span class='ocrx_word' id='word_1_182' title='bbox 3042 2104 3203 2171; x_wconf 84' lang='lat' dir='ltr'>pue-</span> 
     </span>
     <span class='ocr_line' id='line_1_17' title="bbox 221 2174 3205 2273; baseline 0.004 -30"><span class='ocrx_word' id='word_1_183' title='bbox 221 2176 356 2259; x_wconf 86' lang='lat' dir='ltr'>ris,</span> <span class='ocrx_word' id='word_1_184' title='bbox 405 2174 544 2243; x_wconf 76' lang='lat' dir='ltr'>haec</span> <span class='ocrx_word' id='word_1_185' title='bbox 600 2178 904 2247; x_wconf 88' lang='lat' dir='ltr'>omnium</span> <span class='ocrx_word' id='word_1_186' title='bbox 957 2177 1202 2264; x_wconf 90' lang='lat' dir='ltr'>optima</span> <span class='ocrx_word' id='word_1_187' title='bbox 1251 2178 1648 2267; x_wconf 83' lang='lat' dir='ltr'>putabatur,</span> <span class='ocrx_word' id='word_1_188' title='bbox 1721 2201 1864 2270; x_wconf 80' lang='lat' dir='ltr'>quae</span> <span class='ocrx_word' id='word_1_189' title='bbox 1937 2179 2052 2249; x_wconf 81' lang='lat' dir='ltr'>vix</span> <span class='ocrx_word' id='word_1_190' title='bbox 2129 2182 2267 2259; x_wconf 77' lang='lat' dir='ltr'>iam</span> <span class='ocrx_word' id='word_1_191' title='bbox 2316 2202 2649 2273; x_wconf 85' lang='lat' dir='ltr'>comparet</span> <span class='ocrx_word' id='word_1_192' title='bbox 2698 2187 2769 2254; x_wconf 92' lang='lat' dir='ltr'>in</span> <span class='ocrx_word' id='word_1_193' title='bbox 2824 2185 2952 2254; x_wconf 85' lang='lat' dir='ltr'>hac</span> <span class='ocrx_word' id='word_1_194' title='bbox 3005 2183 3205 2255; x_wconf 72' lang='lat' dir='ltr'>turba·</span> 
     </span>
     <span class='ocr_line' id='line_1_18' title="bbox 215 2278 1060 2360; baseline 0.002 -15"><span class='ocrx_word' id='word_1_195' title='bbox 215 2297 550 2360; x_wconf 73' lang='lat' dir='ltr'>novorum</span> <span class='ocrx_word' id='word_1_196' title='bbox 601 2278 1060 2351; x_wconf 78' lang='lat' dir='ltr'>voluminum.</span> 
     </span>
    </p>

    <p class='ocr_par' dir='ltr' id='par_1_4' title="bbox 209 2379 3197 3082">
     <span class='ocr_line' id='line_1_19' title="bbox 326 2379 3195 2475; baseline 0.001 -22"><span class='ocrx_word' id='word_1_197' title='bbox 326 2380 644 2453; x_wconf 77' lang='lat' dir='ltr'>Praeclare</span> <span class='ocrx_word' id='word_1_198' title='bbox 675 2432 696 2469; x_wconf 93' lang='lat'>,</span> <span class='ocrx_word' id='word_1_199' title='bbox 745 2383 957 2473; x_wconf 74' lang='lat' dir='ltr'>inquit</span> <span class='ocrx_word' id='word_1_200' title='bbox 1026 2386 1280 2451; x_wconf 81' lang='lat' dir='ltr'>Brutus</span> <span class='ocrx_word' id='word_1_201' title='bbox 1317 2434 1338 2471; x_wconf 93' lang='lat'>,</span> <span class='ocrx_word' id='word_1_202' title='bbox 1411 2400 1604 2453; x_wconf 86' lang='lat' dir='ltr'>teneo</span> <span class='ocrx_word' id='word_1_203' title='bbox 1653 2386 1766 2475; x_wconf 82' lang='lat' dir='ltr'>qui</span> <span class='ocrx_word' id='word_1_204' title='bbox 1819 2386 2009 2457; x_wconf 85' lang='lat' dir='ltr'>istam</span> <span class='ocrx_word' id='word_1_205' title='bbox 2059 2384 2329 2456; x_wconf 79' lang='lat' dir='ltr'>turbam</span> <span class='ocrx_word' id='word_1_206' title='bbox 2380 2386 2815 2455; x_wconf 72' lang='lat' dir='ltr'>voluminum</span> <span class='ocrx_word' id='word_1_207' title='bbox 2856 2379 3195 2457; x_wconf 79' lang='lat' dir='ltr'>effecerit.·</span> 
     </span>
     <span class='ocr_line' id='line_1_20' title="bbox 216 2480 3197 2578; baseline 0.002 -29"><span class='ocrx_word' id='word_1_208' title='bbox 216 2480 302 2549; x_wconf 84' lang='lat' dir='ltr'>Et</span> <span class='ocrx_word' id='word_1_209' title='bbox 350 2501 520 2571; x_wconf 87' lang='lat' dir='ltr'>ego,</span> <span class='ocrx_word' id='word_1_210' title='bbox 574 2483 842 2573; x_wconf 86' lang='lat' dir='ltr'>inquam</span> <span class='ocrx_word' id='word_1_211' title='bbox 883 2537 906 2570; x_wconf 90' lang='lat'>,</span> <span class='ocrx_word' id='word_1_212' title='bbox 953 2482 1311 2575; x_wconf 72' lang='lat' dir='ltr'>intelligo,</span> <span class='ocrx_word' id='word_1_213' title='bbox 1384 2489 1639 2574; x_wconf 84' lang='lat' dir='ltr'>Brute,</span> <span class='ocrx_word' id='word_1_214' title='bbox 1691 2506 1893 2578; x_wconf 89' lang='lat' dir='ltr'>quem</span> <span class='ocrx_word' id='word_1_215' title='bbox 1948 2488 2193 2569; x_wconf 68' lang='lat' dir='ltr'>dicas..</span> <span class='ocrx_word' id='word_1_216' title='bbox 2238 2493 2435 2557; x_wconf 81' lang='lat' dir='ltr'>Certe</span> <span class='ocrx_word' id='word_1_217' title='bbox 2484 2491 2677 2557; x_wconf 79' lang='lat' dir='ltr'>enim</span> <span class='ocrx_word' id='word_1_218' title='bbox 2728 2492 2798 2558; x_wconf 85' lang='lat'>&amp;</span> <span class='ocrx_word' id='word_1_219' title='bbox 2856 2489 3009 2556; x_wconf 89' lang='lat' dir='ltr'>boni</span> <span class='ocrx_word' id='word_1_220' title='bbox 3067 2492 3197 2557; x_wconf 70' lang='lat' dir='ltr'>ali-e</span> 
     </span>
     <span class='ocr_line' id='line_1_21' title="bbox 213 2582 3183 2680; baseline 0.003 -33"><span class='ocrx_word' id='word_1_221' title='bbox 213 2582 370 2671; x_wconf 91' lang='lat' dir='ltr'>quid</span> <span class='ocrx_word' id='word_1_222' title='bbox 422 2584 770 2653; x_wconf 84' lang='lat' dir='ltr'>attulimus</span> <span class='ocrx_word' id='word_1_223' title='bbox 823 2586 1151 2665; x_wconf 82' lang='lat' dir='ltr'>iuventuti</span> <span class='ocrx_word' id='word_1_224' title='bbox 1191 2638 1212 2672; x_wconf 94' lang='lat'>,</span> <span class='ocrx_word' id='word_1_225' title='bbox 1263 2588 1805 2675; x_wconf 81' lang='lat' dir='ltr'>magnificentius</span> <span class='ocrx_word' id='word_1_226' title='bbox 1840 2644 1861 2677; x_wconf 94' lang='lat'>,</span> <span class='ocrx_word' id='word_1_227' title='bbox 1913 2610 2115 2680; x_wconf 86' lang='lat' dir='ltr'>quam</span> <span class='ocrx_word' id='word_1_228' title='bbox 2169 2584 2429 2675; x_wconf 81' lang='lat' dir='ltr'>fuerat,</span> <span class='ocrx_word' id='word_1_229' title='bbox 2483 2610 2694 2677; x_wconf 86' lang='lat' dir='ltr'>genus</span> <span class='ocrx_word' id='word_1_230' title='bbox 2748 2586 3053 2671; x_wconf 87' lang='lat' dir='ltr'>dicendi,</span> <span class='ocrx_word' id='word_1_231' title='bbox 3108 2592 3183 2657; x_wconf 77' lang='grc' dir='ltr'>δε</span> 
     </span>
     <span class='ocr_line' id='line_1_22' title="bbox 213 2684 3194 2779; baseline 0.003 -32"><span class='ocrx_word' id='word_1_232' title='bbox 213 2684 554 2751; x_wconf 82' lang='lat' dir='ltr'>ornatius:</span> <span class='ocrx_word' id='word_1_233' title='bbox 617 2688 686 2755; x_wconf 88' lang='lat'>&amp;</span> <span class='ocrx_word' id='word_1_234' title='bbox 743 2690 1090 2757; x_wconf 86' lang='lat' dir='ltr'>nocuimus</span> <span class='ocrx_word' id='word_1_235' title='bbox 1143 2690 1442 2773; x_wconf 78' lang='lat' dir='ltr'>forta-sse,</span> <span class='ocrx_word' id='word_1_236' title='bbox 1490 2690 1666 2779; x_wconf 86' lang='lat' dir='ltr'>quod</span> <span class='ocrx_word' id='word_1_237' title='bbox 1724 2706 1978 2759; x_wconf 83' lang='lat' dir='ltr'>veteres</span> <span class='ocrx_word' id='word_1_238' title='bbox 2029 2692 2353 2757; x_wconf 85' lang='lat' dir='ltr'>orationes</span> <span class='ocrx_word' id='word_1_239' title='bbox 2406 2688 2541 2777; x_wconf 82' lang='lat' dir='ltr'>post</span> <span class='ocrx_word' id='word_1_240' title='bbox 2592 2687 2842 2754; x_wconf 87' lang='lat' dir='ltr'>nostras</span> <span class='ocrx_word' id='word_1_241' title='bbox 2882 2740 2899 2773; x_wconf 86' lang='lat'>,</span> <span class='ocrx_word' id='word_1_242' title='bbox 2958 2707 3089 2754; x_wconf 90' lang='lat' dir='ltr'>non</span> <span class='ocrx_word' id='word_1_243' title='bbox 3143 2705 3194 2756; x_wconf 76' lang='lat' dir='ltr'>ae-</span> 
     </span>
     <span class='ocr_line' id='line_1_23' title="bbox 209 2786 3175 2879; baseline 0.001 -26"><span class='ocrx_word' id='word_1_244' title='bbox 209 2805 320 2853; x_wconf 83' lang='lat' dir='ltr'>me</span> <span class='ocrx_word' id='word_1_245' title='bbox 371 2786 687 2873; x_wconf 87' lang='lat' dir='ltr'>quidem,</span> <span class='ocrx_word' id='word_1_246' title='bbox 736 2789 958 2875; x_wconf 88' lang='lat' dir='ltr'>(meis</span> <span class='ocrx_word' id='word_1_247' title='bbox 1006 2788 1187 2855; x_wconf 89' lang='lat' dir='ltr'>enim</span> <span class='ocrx_word' id='word_1_248' title='bbox 1241 2788 1390 2855; x_wconf 87' lang='lat' dir='ltr'>illas</span> <span class='ocrx_word' id='word_1_249' title='bbox 1445 2800 1822 2877; x_wconf 80' lang='lat' dir='ltr'>antepono)</span> <span class='ocrx_word' id='word_1_250' title='bbox 1875 2788 1986 2858; x_wconf 86' lang='lat' dir='ltr'>sed</span> <span class='ocrx_word' id='word_1_251' title='bbox 2039 2808 2076 2853; x_wconf 89' lang='lat' dir='ltr'>a</span> <span class='ocrx_word' id='word_1_252' title='bbox 2124 2788 2453 2879; x_wconf 79' lang='lat' dir='ltr'>plerisque</span> <span class='ocrx_word' id='word_1_253' title='bbox 2506 2790 2639 2879; x_wconf 88' lang='lat' dir='ltr'>legi</span> <span class='ocrx_word' id='word_1_254' title='bbox 2695 2788 2843 2856; x_wconf 85' lang='lat' dir='ltr'>sunt</span> <span class='ocrx_word' id='word_1_255' title='bbox 2892 2786 3107 2856; x_wconf 73' lang='lat' dir='ltr'>defitae</span> <span class='ocrx_word' id='word_1_256' title='bbox 3158 2836 3175 2857; x_wconf 94' lang='lat'>.</span> 
     </span>
     <span class='ocr_line' id='line_1_24' title="bbox 209 2888 3181 2989; baseline 0.002 -39"><span class='ocrx_word' id='word_1_257' title='bbox 209 2888 541 2955; x_wconf 82' lang='lat' dir='ltr'>Enumera</span> <span class='ocrx_word' id='word_1_258' title='bbox 581 2943 602 2977; x_wconf 88' lang='lat'>,</span> <span class='ocrx_word' id='word_1_259' title='bbox 669 2890 886 2983; x_wconf 70' lang='lat' dir='ltr'>inquit</span> <span class='ocrx_word' id='word_1_260' title='bbox 926 2942 948 2976; x_wconf 91' lang='lat'>,</span> <span class='ocrx_word' id='word_1_261' title='bbox 1000 2912 1106 2959; x_wconf 89' lang='lat' dir='ltr'>me</span> <span class='ocrx_word' id='word_1_262' title='bbox 1159 2892 1226 2957; x_wconf 91' lang='lat' dir='ltr'>in</span> <span class='ocrx_word' id='word_1_263' title='bbox 1279 2889 1605 2989; x_wconf 69' lang='lat' dir='ltr'>plerisque</span> <span class='ocrx_word' id='word_1_264' title='bbox 1625 2941 1656 2981; x_wconf 40' lang='lat'>.‚</span> <span class='ocrx_word' id='word_1_265' title='bbox 1693 2896 2096 2981; x_wconf 72' lang='lat' dir='ltr'>Quanquam</span> <span class='ocrx_word' id='word_1_266' title='bbox 2168 2890 2361 2959; x_wconf 82' lang='lat' dir='ltr'>video</span> <span class='ocrx_word' id='word_1_267' title='bbox 2411 2889 2577 2987; x_wconf 68' lang='lat' dir='ltr'>mini</span> <span class='ocrx_word' id='word_1_268' title='bbox 2632 2891 2843 2959; x_wconf 85' lang='lat' dir='ltr'>multa</span> <span class='ocrx_word' id='word_1_269' title='bbox 2892 2890 3181 2979; x_wconf 80' lang='lat' dir='ltr'>legenda</span> 
     </span>
     <span class='ocr_line' id='line_1_25' title="bbox 210 2988 3181 3082; baseline 0.002 -27"><span class='ocrx_word' id='word_1_270' title='bbox 210 2988 342 3065; x_wconf 75' lang='lat' dir='ltr'>iam</span> <span class='ocrx_word' id='word_1_271' title='bbox 394 3006 460 3057; x_wconf 87' lang='lat' dir='ltr'>te</span> <span class='ocrx_word' id='word_1_272' title='bbox 509 2989 776 3061; x_wconf 68' lang='lat' dir='ltr'>austere</span> <span class='ocrx_word' id='word_1_273' title='bbox 800 3044 824 3079; x_wconf 92' lang='lat'>,</span> <span class='ocrx_word' id='word_1_274' title='bbox 874 3015 1018 3082; x_wconf 84' lang='lat' dir='ltr'>quae</span> <span class='ocrx_word' id='word_1_275' title='bbox 1073 3006 1262 3059; x_wconf 78' lang='lat' dir='ltr'>antea</span> <span class='ocrx_word' id='word_1_276' title='bbox 1314 2991 1820 3062; x_wconf 79' lang='lat' dir='ltr'>contemnebam</span> <span class='ocrx_word' id='word_1_277' title='bbox 1840 3032 1870 3059; x_wconf 86' lang='lat'>.·</span> <span class='ocrx_word' id='word_1_278' title='bbox 3171 3028 3181 3037; x_wconf 44' lang='grc' dir='ltr'><strong><em>ι</em></strong></span> 
     </span>
    </p>

    <p class='ocr_par' dir='ltr' id='par_1_5' title="bbox 69 3088 3205 4898">
     <span class='ocr_line' id='line_1_26' title="bbox 304 3088 3192 3186; baseline 0 -29"><span class='ocrx_word' id='word_1_279' title='bbox 304 3092 516 3179; x_wconf 82' lang='lat' dir='ltr'>Atqui</span> <span class='ocrx_word' id='word_1_280' title='bbox 567 3092 752 3180; x_wconf 80' lang='lat' dir='ltr'>haec,</span> <span class='ocrx_word' id='word_1_281' title='bbox 796 3096 1122 3180; x_wconf 80' lang='lat' dir='ltr'>inquam,</span> <span class='ocrx_word' id='word_1_282' title='bbox 1160 3094 1242 3159; x_wconf 90' lang='lat' dir='ltr'>de</span> <span class='ocrx_word' id='word_1_283' title='bbox 1293 3093 1537 3162; x_wconf 83' lang='lat' dir='ltr'>incestu</span> <span class='ocrx_word' id='word_1_284' title='bbox 1591 3092 1870 3162; x_wconf 60' lang='lat' dir='ltr'>laudata*</span> <span class='ocrx_word' id='word_1_285' title='bbox 1912 3088 2122 3164; x_wconf 79' lang='lat' dir='ltr'>oratib</span> <span class='ocrx_word' id='word_1_286' title='bbox 2172 3088 2447 3186; x_wconf 82' lang='lat' dir='ltr'>puerilis</span> <span class='ocrx_word' id='word_1_287' title='bbox 2495 3094 2587 3164; x_wconf 88' lang='lat' dir='ltr'>est</span> <span class='ocrx_word' id='word_1_288' title='bbox 2638 3096 2803 3166; x_wconf 86' lang='lat' dir='ltr'>locis</span> <span class='ocrx_word' id='word_1_289' title='bbox 2872 3092 3101 3164; x_wconf 83' lang='lat' dir='ltr'>multis</span> <span class='ocrx_word' id='word_1_290' title='bbox 3155 3088 3192 3159; x_wconf 65' lang='lat' dir='ltr'>i*</span> 
     </span>
     <span class='ocr_line' id='line_1_27' title="bbox 205 3189 3182 3277; baseline 0.003 -23"><span class='ocrx_word' id='word_1_291' title='bbox 205 3191 286 3258; x_wconf 91' lang='lat' dir='ltr'>de</span> <span class='ocrx_word' id='word_1_292' title='bbox 343 3209 612 3273; x_wconf 82' lang='lat' dir='ltr'>amore,</span> <span class='ocrx_word' id='word_1_293' title='bbox 659 3191 740 3258; x_wconf 88' lang='lat' dir='ltr'>de</span> <span class='ocrx_word' id='word_1_294' title='bbox 789 3193 1182 3273; x_wconf 80' lang='lat' dir='ltr'>tormentis,</span> <span class='ocrx_word' id='word_1_295' title='bbox 1231 3189 1310 3256; x_wconf 89' lang='lat' dir='ltr'>d&#39;e</span> <span class='ocrx_word' id='word_1_296' title='bbox 1363 3215 1633 3264; x_wconf 81' lang='lat' dir='ltr'>rumore</span> <span class='ocrx_word' id='word_1_297' title='bbox 1672 3247 1696 3277; x_wconf 89' lang='lat'>,</span> <span class='ocrx_word' id='word_1_298' title='bbox 1763 3195 1892 3262; x_wconf 85' lang='lat' dir='ltr'>loci</span> <span class='ocrx_word' id='word_1_299' title='bbox 1949 3195 2101 3262; x_wconf 85' lang='lat' dir='ltr'>sane</span> <span class='ocrx_word' id='word_1_300' title='bbox 2149 3197 2435 3264; x_wconf 82' lang='lat' dir='ltr'>inanes:</span> <span class='ocrx_word' id='word_1_301' title='bbox 2494 3212 2959 3264; x_wconf 82' lang='lat' dir='ltr'>verumtamen</span> <span class='ocrx_word' id='word_1_302' title='bbox 3008 3215 3182 3262; x_wconf 86' lang='lat' dir='ltr'>non·</span> 
     </span>
     <span class='ocr_line' id='line_1_28' title="bbox 205 3287 3175 3378; baseline 0.001 -24"><span class='ocrx_word' id='word_1_303' title='bbox 205 3293 371 3356; x_wconf 81' lang='lat' dir='ltr'>dum</span> <span class='ocrx_word' id='word_1_304' title='bbox 426 3288 591 3355; x_wconf 88' lang='lat' dir='ltr'>tritis</span> <span class='ocrx_word' id='word_1_305' title='bbox 646 3287 1022 3357; x_wconf 39' lang='lat' dir='ltr'>nostrorums</span> <span class='ocrx_word' id='word_1_306' title='bbox 1083 3288 1436 3356; x_wconf 82' lang='lat' dir='ltr'>hominum</span> <span class='ocrx_word' id='word_1_307' title='bbox 1509 3291 1776 3359; x_wconf 85' lang='lat' dir='ltr'>auribus</span> <span class='ocrx_word' id='word_1_308' title='bbox 1812 3338 1841 3377; x_wconf 84' lang='lat'>,.</span> <span class='ocrx_word' id='word_1_309' title='bbox 1884 3312 2006 3360; x_wconf 88' lang='lat' dir='ltr'>nec</span> <span class='ocrx_word' id='word_1_310' title='bbox 2059 3295 2324 3360; x_wconf 74' lang='lat' dir='ltr'>erudita</span> <span class='ocrx_word' id='word_1_311' title='bbox 2386 3296 2691 3378; x_wconf 71' lang='lat' dir='ltr'>civitate,</span> <span class='ocrx_word' id='word_1_312' title='bbox 2742 3292 3107 3360; x_wconf 87' lang='lat' dir='ltr'>tolerabiles</span> <span class='ocrx_word' id='word_1_313' title='bbox 3156 3337 3175 3356; x_wconf 87' lang='lat'><strong>.</strong></span> 
     </span>
     <span class='ocr_line' id='line_1_29' title="bbox 206 3387 3190 3479; baseline -0.001 -23"><span class='ocrx_word' id='word_1_314' title='bbox 206 3388 476 3479; x_wconf 84' lang='lat' dir='ltr'>Scripfit</span> <span class='ocrx_word' id='word_1_315' title='bbox 543 3393 746 3460; x_wconf 86' lang='lat' dir='ltr'>etiam</span> <span class='ocrx_word' id='word_1_316' title='bbox 797 3389 922 3479; x_wconf 75' lang='lat' dir='ltr'>alia</span> <span class='ocrx_word' id='word_1_317' title='bbox 976 3387 1305 3461; x_wconf 83' lang='lat' dir='ltr'>nonnulla</span> <span class='ocrx_word' id='word_1_318' title='bbox 1345 3444 1380 3477; x_wconf 95' lang='lat'>,.</span> <span class='ocrx_word' id='word_1_319' title='bbox 1435 3389 1506 3460; x_wconf 78' lang='grc' dir='ltr'>δε</span> <span class='ocrx_word' id='word_1_320' title='bbox 1579 3393 1796 3459; x_wconf 85' lang='lat' dir='ltr'>multa</span> <span class='ocrx_word' id='word_1_321' title='bbox 1865 3389 2076 3478; x_wconf 56' lang='lat' dir='ltr'>discit,</span> <span class='ocrx_word' id='word_1_322' title='bbox 2131 3394 2203 3460; x_wconf 75' lang='grc' dir='ltr'>δ(</span> <span class='ocrx_word' id='word_1_323' title='bbox 2260 3389 2589 3473; x_wconf 88' lang='lat' dir='ltr'>illustria,</span> <span class='ocrx_word' id='word_1_324' title='bbox 2642 3393 2711 3460; x_wconf 85' lang='lat'>&amp;</span> <span class='ocrx_word' id='word_1_325' title='bbox 2767 3394 2853 3458; x_wconf 81' lang='lat' dir='ltr'>in·</span> <span class='ocrx_word' id='word_1_326' title='bbox 2894 3399 3190 3456; x_wconf 78' lang='lat' dir='ltr'>numero·</span> 
     </span>
     <span class='ocr_line' id='line_1_30' title="bbox 204 3488 3181 3580; baseline -0.001 -22"><span class='ocrx_word' id='word_1_327' title='bbox 204 3511 642 3578; x_wconf 80' lang='lat' dir='ltr'>patronorum</span> <span class='ocrx_word' id='word_1_328' title='bbox 693 3495 818 3562; x_wconf 89' lang='lat' dir='ltr'>fuit</span> <span class='ocrx_word' id='word_1_329' title='bbox 861 3511 889 3558; x_wconf 71' lang='grc' dir='ltr'>ε’</span> <span class='ocrx_word' id='word_1_330' title='bbox 946 3512 1020 3562; x_wconf 86' lang='lat' dir='ltr'>ut</span> <span class='ocrx_word' id='word_1_331' title='bbox 1073 3514 1228 3562; x_wconf 86' lang='lat' dir='ltr'>eum</span> <span class='ocrx_word' id='word_1_332' title='bbox 1279 3492 1536 3575; x_wconf 78' lang='lat' dir='ltr'>mirer,-</span> <span class='ocrx_word' id='word_1_333' title='bbox 1577 3513 1736 3560; x_wconf 86' lang='lat' dir='ltr'>cum</span> <span class='ocrx_word' id='word_1_334' title='bbox 1799 3496 1870 3563; x_wconf 75' lang='grc' dir='ltr'>δε</span> <span class='ocrx_word' id='word_1_335' title='bbox 1929 3494 2062 3560; x_wconf 76' lang='lat' dir='ltr'>vita</span> <span class='ocrx_word' id='word_1_336' title='bbox 2117 3490 2689 3580; x_wconf 63' lang='lat' dir='ltr'>suppeditavisset,</span> <span class='ocrx_word' id='word_1_337' title='bbox 2736 3491 2805 3562; x_wconf 75' lang='grc' dir='ltr'>ὅ(</span> <span class='ocrx_word' id='word_1_338' title='bbox 2870 3488 3181 3580; x_wconf 80' lang='lat' dir='ltr'>splendor-</span> 
     </span>
     <span class='ocr_line' id='line_1_31' title="bbox 199 3587 3205 3686; baseline 0.001 -29"><span class='ocrx_word' id='word_1_339' title='bbox 199 3595 262 3657; x_wconf 87' lang='lat' dir='ltr'>ei</span> <span class='ocrx_word' id='word_1_340' title='bbox 319 3613 452 3660; x_wconf 87' lang='lat' dir='ltr'>non</span> <span class='ocrx_word' id='word_1_341' title='bbox 501 3593 834 3678; x_wconf 74' lang='lat' dir='ltr'>defuisset,</span> <span class='ocrx_word' id='word_1_342' title='bbox 887 3593 1233 3663; x_wconf 67' lang='lat' dir='ltr'>confidem</span> <span class='ocrx_word' id='word_1_343' title='bbox 1287 3613 1420 3660; x_wconf 88' lang='lat' dir='ltr'>non</span> <span class='ocrx_word' id='word_1_344' title='bbox 1477 3587 1696 3664; x_wconf 77' lang='lat' dir='ltr'>fui&#39;ss‘e.</span> <span class='ocrx_word' id='word_1_345' title='bbox 2566 3681 2573 3686; x_wconf 87' lang='lat'>.</span> <span class='ocrx_word' id='word_1_346' title='bbox 3158 3613 3205 3660; x_wconf 53' lang='grc' dir='ltr'>,ι</span> 
     </span>
     <span class='ocr_line' id='line_1_32' title="bbox 190 3679 3183 3784; baseline -0.001 -23"><span class='ocrx_word' id='word_1_347' title='bbox 190 3751 201 3761; x_wconf 94' lang='grc'><strong>.</strong></span> <span class='ocrx_word' id='word_1_348' title='bbox 306 3697 629 3774; x_wconf 73' lang='lat' dir='ltr'>XXXHI.</span> <span class='ocrx_word' id='word_1_349' title='bbox 682 3693 810 3765; x_wconf 84' lang='lat' dir='ltr'>Sed</span> <span class='ocrx_word' id='word_1_350' title='bbox 879 3715 1040 3765; x_wconf 89' lang='lat' dir='ltr'>ecce·</span> <span class='ocrx_word' id='word_1_351' title='bbox 1097 3695 1174 3762; x_wconf 81' lang='lat' dir='ltr'>in</span> <span class='ocrx_word' id='word_1_352' title='bbox 1236 3693 1546 3762; x_wconf 84' lang='lat' dir='ltr'>manibus</span> <span class='ocrx_word' id='word_1_353' title='bbox 1590 3695 1695 3763; x_wconf 85' lang='lat' dir='ltr'>vir</span> <span class='ocrx_word' id='word_1_354' title='bbox 1732 3746 1756 3781; x_wconf 90' lang='lat'>,</span> <span class='ocrx_word' id='word_1_355' title='bbox 1829 3691 1898 3765; x_wconf 72' lang='grc' dir='ltr'>δὲ</span> <span class='ocrx_word' id='word_1_356' title='bbox 1960 3691 2473 3784; x_wconf 69' lang='lat' dir='ltr'>praestantiffimo</span> <span class='ocrx_word' id='word_1_357' title='bbox 2540 3679 2869 3782; x_wconf 73' lang='lat' dir='ltr'>ingenio,</span> <span class='ocrx_word' id='word_1_358' title='bbox 2924 3691 2993 3760; x_wconf 86' lang='lat'>&amp;</span> <span class='ocrx_word' id='word_1_359' title='bbox 3052 3687 3183 3758; x_wconf 72' lang='lat' dir='ltr'>fla·-</span> 
     </span>
     <span class='ocr_line' id='line_1_33' title="bbox 189 3791 3179 3887; baseline -0.001 -27"><span class='ocrx_word' id='word_1_360' title='bbox 189 3797 448 3887; x_wconf 75' lang='lat' dir='ltr'>granti·</span> <span class='ocrx_word' id='word_1_361' title='bbox 478 3794 748 3884; x_wconf 60' lang='lat' dir='ltr'>studio,</span> <span class='ocrx_word' id='word_1_362' title='bbox 813 3797 886 3866; x_wconf 76' lang='grc' dir='ltr'>δε</span> <span class='ocrx_word' id='word_1_363' title='bbox 939 3795 1190 3866; x_wconf 73' lang='grc' dir='ltr'>δοᾱὶιις·</span> <span class='ocrx_word' id='word_1_364' title='bbox 1229 3814 1268 3862; x_wconf 86' lang='lat' dir='ltr'>a</span> <span class='ocrx_word' id='word_1_365' title='bbox 1321 3815 1520 3884; x_wconf 86' lang='lat' dir='ltr'>puero</span> <span class='ocrx_word' id='word_1_366' title='bbox 1556 3836 1592 3881; x_wconf 62' lang='lat' dir='ltr'>,s</span> <span class='ocrx_word' id='word_1_367' title='bbox 1625 3801 1702 3864; x_wconf 85' lang='lat' dir='ltr'>C.</span> <span class='ocrx_word' id='word_1_368' title='bbox 1754 3791 2144 3864; x_wconf 74' lang='lat' dir='ltr'>Gracchus.</span> <span class='ocrx_word' id='word_1_369' title='bbox 2194 3791 2359 3860; x_wconf 87' lang='lat' dir='ltr'>Noli</span> <span class='ocrx_word' id='word_1_370' title='bbox 2410 3795 2593 3860; x_wconf 85' lang='lat' dir='ltr'>enlm</span> <span class='ocrx_word' id='word_1_371' title='bbox 2643 3811 2918 3882; x_wconf 87' lang='lat' dir='ltr'>putare,</span> <span class='ocrx_word' id='word_1_372' title='bbox 2964 3812 3179 3880; x_wconf 64' lang='lat' dir='ltr'>quen-2</span> 
     </span>
     <span class='ocr_line' id='line_1_34' title="bbox 197 3887 3181 3987; baseline -0.001 -23"><span class='ocrx_word' id='word_1_373' title='bbox 197 3919 448 3987; x_wconf 88' lang='lat' dir='ltr'>quam,</span> <span class='ocrx_word' id='word_1_374' title='bbox 499 3901 698 3968; x_wconf 87' lang='lat' dir='ltr'>Brute</span> <span class='ocrx_word' id='word_1_375' title='bbox 737 3951 775 3986; x_wconf 67' lang='lat'>,-</span> <span class='ocrx_word' id='word_1_376' title='bbox 823 3898 1193 3986; x_wconf 84' lang='lat' dir='ltr'>pleniorem·</span> <span class='ocrx_word' id='word_1_377' title='bbox 1242 3897 1310 3966; x_wconf 78' lang='grc' dir='ltr'>δε</span> <span class='ocrx_word' id='word_1_378' title='bbox 1371 3895 1742 3964; x_wconf 74' lang='lat' dir='ltr'>uBeriorem</span> <span class='ocrx_word' id='word_1_379' title='bbox 1794 3895 1880 3963; x_wconf 77' lang='lat' dir='ltr'>a&#39;d</span> <span class='ocrx_word' id='word_1_380' title='bbox 1931 3887 2287 3964; x_wconf 82' lang='lat' dir='ltr'>dicendu‘m</span> <span class='ocrx_word' id='word_1_381' title='bbox 2362 3893 2545 3964; x_wconf 80' lang='lat' dir='ltr'>fuisse</span> <span class='ocrx_word' id='word_1_382' title='bbox 2580 3930 2611 3959; x_wconf 71' lang='grc'>.·</span> <span class='ocrx_word' id='word_1_383' title='bbox 2670 3893 2749 3959; x_wconf 82' lang='lat' dir='ltr'>Et</span> <span class='ocrx_word' id='word_1_384' title='bbox 2820 3893 2931 3960; x_wconf 90' lang='lat' dir='ltr'>ille</span> <span class='ocrx_word' id='word_1_385' title='bbox 2974 3945 2994 3976; x_wconf 90' lang='lat'>,</span> <span class='ocrx_word' id='word_1_386' title='bbox 3064 3893 3181 3960; x_wconf 72' lang='lat' dir='ltr'>sio</span> 
     </span>
     <span class='ocr_line' id='line_1_35' title="bbox 193 3993 3183 4090; baseline -0.002 -25"><span class='ocrx_word' id='word_1_387' title='bbox 193 3999 514 4089; x_wconf 74' lang='lat' dir='ltr'>prorsus,</span> <span class='ocrx_word' id='word_1_388' title='bbox 565 4002 779 4090; x_wconf 85' lang='lat' dir='ltr'>inquit</span> <span class='ocrx_word' id='word_1_389' title='bbox 819 4051 840 4086; x_wconf 95' lang='lat'>,</span> <span class='ocrx_word' id='word_1_390' title='bbox 887 3997 1195 4067; x_wconf 69' lang='lat' dir='ltr'>existimo</span> <span class='ocrx_word' id='word_1_391' title='bbox 1232 4024 1268 4084; x_wconf 84' lang='lat'>;.</span> <span class='ocrx_word' id='word_1_392' title='bbox 1322 4012 1519 4086; x_wconf 87' lang='lat' dir='ltr'>atque</span> <span class='ocrx_word' id='word_1_393' title='bbox 1563 3997 1772 4064; x_wconf 76' lang='lat' dir='ltr'>istum</span> <span class='ocrx_word' id='word_1_394' title='bbox 1811 3995 1891 4064; x_wconf 86' lang='lat' dir='ltr'>de</span> <span class='ocrx_word' id='word_1_395' title='bbox 1941 3995 2391 4084; x_wconf 84' lang='lat' dir='ltr'>superioribus-</span> <span class='ocrx_word' id='word_1_396' title='bbox 2452 4017 2617 4084; x_wconf 88' lang='lat' dir='ltr'>pene</span> <span class='ocrx_word' id='word_1_397' title='bbox 2676 3994 2883 4064; x_wconf 89' lang='lat' dir='ltr'>solum</span> <span class='ocrx_word' id='word_1_398' title='bbox 2942 3993 3114 4082; x_wconf 86' lang='lat' dir='ltr'>lego·</span> <span class='ocrx_word' id='word_1_399' title='bbox 3148 4035 3183 4060; x_wconf 61' lang='lat'>00</span> 
     </span>
     <span class='ocr_line' id='line_1_36' title="bbox 193 4095 3181 4190; baseline -0.001 -24"><span class='ocrx_word' id='word_1_400' title='bbox 193 4105 438 4170; x_wconf 68' lang='lat' dir='ltr'>immo·</span> <span class='ocrx_word' id='word_1_401' title='bbox 469 4101 703 4190; x_wconf 87' lang='lat' dir='ltr'>plane,</span> <span class='ocrx_word' id='word_1_402' title='bbox 757 4102 1074 4190; x_wconf 76' lang='lat' dir='ltr'>inquam,</span> <span class='ocrx_word' id='word_1_403' title='bbox 1125 4099 1368 4185; x_wconf 81' lang='lat' dir='ltr'>Brute,</span> <span class='ocrx_word' id='word_1_404' title='bbox 1423 4095 1606 4186; x_wconf 80' lang='lat' dir='ltr'>legas</span> <span class='ocrx_word' id='word_1_405' title='bbox 1657 4097 1946 4167; x_wconf 71' lang='lat' dir='ltr'>censeo,r</span> <span class='ocrx_word' id='word_1_406' title='bbox 1987 4099 2338 4166; x_wconf 78' lang='lat' dir='ltr'>Damnum.</span> <span class='ocrx_word' id='word_1_407' title='bbox 2385 4097 2569 4164; x_wconf 82' lang='lat' dir='ltr'>enitn</span> <span class='ocrx_word' id='word_1_408' title='bbox 2622 4095 2803 4164; x_wconf 85' lang='lat' dir='ltr'>illius</span> <span class='ocrx_word' id='word_1_409' title='bbox 2855 4097 3181 4162; x_wconf 84' lang='lat' dir='ltr'>immam-</span> 
     </span>
     <span class='ocr_line' id='line_1_37' title="bbox 189 4189 3183 4285; baseline -0.003 -15"><span class='ocrx_word' id='word_1_410' title='bbox 189 4225 278 4270; x_wconf 64' lang='grc' dir='ltr'>το</span> <span class='ocrx_word' id='word_1_411' title='bbox 323 4205 586 4271; x_wconf 78' lang='lat' dir='ltr'>interitu</span> <span class='ocrx_word' id='word_1_412' title='bbox 642 4223 758 4272; x_wconf 65' lang='lat' dir='ltr'>res‘</span> <span class='ocrx_word' id='word_1_413' title='bbox 799 4208 1120 4270; x_wconf 74' lang='lat' dir='ltr'>Romana:</span> <span class='ocrx_word' id='word_1_414' title='bbox 1150 4251 1170 4285; x_wconf 95' lang='lat'>,</span> <span class='ocrx_word' id='word_1_415' title='bbox 1214 4199 1588 4284; x_wconf 72' lang='lat' dir='ltr'>Latinaeque</span> <span class='ocrx_word' id='word_1_416' title='bbox 1639 4199 1840 4268; x_wconf 70' lang='lat' dir='ltr'>literae</span> <span class='ocrx_word' id='word_1_417' title='bbox 1890 4189 2226 4270; x_wconf 73' lang='lat' dir='ltr'>fecerunt.</span> <span class='ocrx_word' id='word_1_418' title='bbox 2287 4199 2565 4266; x_wconf 89' lang='lat' dir='ltr'>Utinam</span> <span class='ocrx_word' id='word_1_419' title='bbox 2622 4219 2755 4266; x_wconf 87' lang='lat' dir='ltr'>non</span> <span class='ocrx_word' id='word_1_420' title='bbox 2830 4213 2965 4262; x_wconf 78' lang='lat' dir='ltr'>ram</span> <span class='ocrx_word' id='word_1_421' title='bbox 3038 4194 3183 4261; x_wconf 58' lang='lat' dir='ltr'>fra-0</span> 
     </span>
     <span class='ocr_line' id='line_1_38' title="bbox 193 4295 3179 4394; baseline -0.002 -26"><span class='ocrx_word' id='word_1_422' title='bbox 193 4305 278 4368; x_wconf 81' lang='lat' dir='ltr'>tri</span> <span class='ocrx_word' id='word_1_423' title='bbox 331 4307 678 4392; x_wconf 49' lang='lat' dir='ltr'>pietatemss,</span> <span class='ocrx_word' id='word_1_424' title='bbox 730 4323 932 4394; x_wconf 83' lang='lat' dir='ltr'>quarn</span> <span class='ocrx_word' id='word_1_425' title='bbox 986 4300 1204 4389; x_wconf 69' lang='lat' dir='ltr'>patriae</span> <span class='ocrx_word' id='word_1_426' title='bbox 1241 4349 1263 4384; x_wconf 95' lang='lat'>,</span> <span class='ocrx_word' id='word_1_427' title='bbox 1310 4295 1620 4387; x_wconf 79' lang='lat' dir='ltr'>praestare⁴</span> <span class='ocrx_word' id='word_1_428' title='bbox 1655 4299 2006 4368; x_wconf 72' lang='lat' dir='ltr'>voluisset!</span> <span class='ocrx_word' id='word_1_429' title='bbox 2085 4307 2317 4386; x_wconf 74' lang='lat' dir='ltr'>Quam</span> <span class='ocrx_word' id='word_1_430' title='bbox 2361 4297 2477 4366; x_wconf 88' lang='lat' dir='ltr'>ille</span> <span class='ocrx_word' id='word_1_431' title='bbox 2555 4298 2745 4365; x_wconf 89' lang='lat' dir='ltr'>facile</span> <span class='ocrx_word' id='word_1_432' title='bbox 2818 4296 2933 4363; x_wconf 81' lang='lat' dir='ltr'>tali</span> <span class='ocrx_word' id='word_1_433' title='bbox 2984 4299 3179 4384; x_wconf 69' lang='lat' dir='ltr'>inge-</span> 
     </span>
     <span class='ocr_line' id='line_1_39' title="bbox 191 4397 3179 4492; baseline -0.003 -23"><span class='ocrx_word' id='word_1_434' title='bbox 191 4405 353 4492; x_wconf 86' lang='lat' dir='ltr'>nio,</span> <span class='ocrx_word' id='word_1_435' title='bbox 399 4405 648 4476; x_wconf 81' lang='lat' dir='ltr'>diutius</span> <span class='ocrx_word' id='word_1_436' title='bbox 700 4401 748 4474; x_wconf 83' lang='lat' dir='ltr'>s1</span> <span class='ocrx_word' id='word_1_437' title='bbox 804 4398 1261 4488; x_wconf 32' lang='lat' dir='ltr'>vixiffet„ve1</span> <span class='ocrx_word' id='word_1_438' title='bbox 1311 4413 1652 4488; x_wconf 83' lang='lat' dir='ltr'>paternam</span> <span class='ocrx_word' id='word_1_439' title='bbox 1700 4401 1848 4467; x_wconf 82' lang='lat' dir='ltr'>effer</span> <span class='ocrx_word' id='word_1_440' title='bbox 1899 4401 2005 4466; x_wconf 85' lang='lat' dir='ltr'>vel</span> <span class='ocrx_word' id='word_1_441' title='bbox 2061 4403 2312 4468; x_wconf 85' lang='lat' dir='ltr'>avitam</span> <span class='ocrx_word' id='word_1_442' title='bbox 2364 4398 2649 4485; x_wconf 87' lang='lat' dir='ltr'>gloriam</span> <span class='ocrx_word' id='word_1_443' title='bbox 2700 4397 3090 4464; x_wconf 87' lang='lat' dir='ltr'>consecutus</span> <span class='ocrx_word' id='word_1_444' title='bbox 3139 4398 3179 4459; x_wconf 69' lang='grc' dir='ltr'><strong><em>Γ</em></strong></span> 
     </span>
     <span class='ocr_line' id='line_1_40' title="bbox 191 4497 3177 4599; baseline -0.003 -27"><span class='ocrx_word' id='word_1_445' title='bbox 191 4505 592 4597; x_wconf 82' lang='lat' dir='ltr'>Eloquentia</span> <span class='ocrx_word' id='word_1_446' title='bbox 643 4507 912 4599; x_wconf 75' lang='lat' dir='ltr'>quidem</span> <span class='ocrx_word' id='word_1_447' title='bbox 965 4501 1188 4570; x_wconf 75' lang='lat' dir='ltr'>nestio</span> <span class='ocrx_word' id='word_1_448' title='bbox 1258 4521 1342 4568; x_wconf 87' lang='lat' dir='ltr'>an</span> <span class='ocrx_word' id='word_1_449' title='bbox 1395 4497 1710 4570; x_wconf 73' lang='lat' dir='ltr'>habuisset</span> <span class='ocrx_word' id='word_1_450' title='bbox 1765 4518 1994 4588; x_wconf 84' lang='lat' dir='ltr'>parem</span> <span class='ocrx_word' id='word_1_451' title='bbox 2043 4501 2381 4566; x_wconf 86' lang='lat' dir='ltr'>neminem</span> <span class='ocrx_word' id='word_1_452' title='bbox 2420 4546 2436 4565; x_wconf 92' lang='lat'><strong>.</strong></span> <span class='ocrx_word' id='word_1_453' title='bbox 2510 4499 2801 4567; x_wconf 84' lang='lat' dir='ltr'>Grandis</span> <span class='ocrx_word' id='word_1_454' title='bbox 2871 4498 2979 4567; x_wconf 89' lang='lat' dir='ltr'>est·</span> <span class='ocrx_word' id='word_1_455' title='bbox 3024 4517 3177 4564; x_wconf 75' lang='lat' dir='ltr'>ver-e</span> 
     </span>
     <span class='ocr_line' id='line_1_41' title="bbox 187 4596 3175 4698; baseline -0.004 -26"><span class='ocrx_word' id='word_1_456' title='bbox 187 4605 290 4674; x_wconf 87' lang='lat' dir='ltr'>bis</span> <span class='ocrx_word' id='word_1_457' title='bbox 331 4663 352 4696; x_wconf 85' lang='lat'>,</span> <span class='ocrx_word' id='word_1_458' title='bbox 425 4607 675 4698; x_wconf 87' lang='lat' dir='ltr'>sapiens</span> <span class='ocrx_word' id='word_1_459' title='bbox 748 4606 1076 4676; x_wconf 80' lang='lat' dir='ltr'>sententiis</span> <span class='ocrx_word' id='word_1_460' title='bbox 1124 4656 1147 4691; x_wconf 88' lang='lat'>,</span> <span class='ocrx_word' id='word_1_461' title='bbox 1217 4619 1462 4692; x_wconf 83' lang='lat' dir='ltr'>genere</span> <span class='ocrx_word' id='word_1_462' title='bbox 1512 4612 1656 4668; x_wconf 82' lang='lat' dir='ltr'>toto</span> <span class='ocrx_word' id='word_1_463' title='bbox 1705 4603 1930 4691; x_wconf 83' lang='lat' dir='ltr'>gravis</span> <span class='ocrx_word' id='word_1_464' title='bbox 1966 4623 1988 4664; x_wconf 85' lang='grc'>.-</span> <span class='ocrx_word' id='word_1_465' title='bbox 2040 4619 2307 4668; x_wconf 80' lang='lat' dir='ltr'>manus</span> <span class='ocrx_word' id='word_1_466' title='bbox 2353 4617 2661 4668; x_wconf 80' lang='lat' dir='ltr'>extrema</span> <span class='ocrx_word' id='word_1_467' title='bbox 2728 4619 2859 4666; x_wconf 90' lang='lat' dir='ltr'>non</span> <span class='ocrx_word' id='word_1_468' title='bbox 2914 4596 3175 4666; x_wconf 68' lang='lat' dir='ltr'>acceffitr</span> 
     </span>
     <span class='ocr_line' id='line_1_42' title="bbox 181 4695 3168 4798; baseline -0.003 -24"><span class='ocrx_word' id='word_1_469' title='bbox 181 4708 500 4796; x_wconf 87' lang='lat' dir='ltr'>operibus</span> <span class='ocrx_word' id='word_1_470' title='bbox 535 4695 697 4787; x_wconf 49' lang='lat' dir='ltr'>&#39;eius</span> <span class='ocrx_word' id='word_1_471' title='bbox 746 4736 774 4776; x_wconf 78' lang='lat'>:-</span> <span class='ocrx_word' id='word_1_472' title='bbox 832 4706 1140 4798; x_wconf 85' lang='lat' dir='ltr'>praeclare</span> <span class='ocrx_word' id='word_1_473' title='bbox 1188 4703 1500 4774; x_wconf 83' lang='lat' dir='ltr'>inchoata</span> <span class='ocrx_word' id='word_1_474' title='bbox 1571 4705 1792 4772; x_wconf 76' lang='lat' dir='ltr'>multa·</span> <span class='ocrx_word' id='word_1_475' title='bbox 1828 4755 1850 4789; x_wconf 93' lang='lat'>,</span> <span class='ocrx_word' id='word_1_476' title='bbox 1919 4701 2207 4792; x_wconf 60' lang='lat' dir='ltr'>perfecta</span> <span class='ocrx_word' id='word_1_477' title='bbox 2262 4723 2391 4768; x_wconf 88' lang='lat' dir='ltr'>non</span> <span class='ocrx_word' id='word_1_478' title='bbox 2451 4701 2679 4790; x_wconf 86' lang='lat' dir='ltr'>plane.</span> <span class='ocrx_word' id='word_1_479' title='bbox 2735 4697 3091 4789; x_wconf 86' lang='lat' dir='ltr'>Legendus</span> <span class='ocrx_word' id='word_1_480' title='bbox 3138 4747 3168 4780; x_wconf 82' lang='lat'>,.</span> 
     </span>
     <span class='ocr_line' id='line_1_43' title="bbox 69 4797 3181 4898; baseline -0.003 -26"><span class='ocrx_word' id='word_1_481' title='bbox 69 4813 77 4820; x_wconf 84' lang='lat'><strong>‘</strong></span> <span class='ocrx_word' id='word_1_482' title='bbox 183 4811 513 4898; x_wconf 79' lang='lat' dir='ltr'>inquam,</span> <span class='ocrx_word' id='word_1_483' title='bbox 561 4809 654 4876; x_wconf 88' lang='lat' dir='ltr'>est</span> <span class='ocrx_word' id='word_1_484' title='bbox 701 4810 816 4876; x_wconf 79' lang='lat' dir='ltr'>hic</span> <span class='ocrx_word' id='word_1_485' title='bbox 861 4822 1119 4891; x_wconf 83' lang='lat' dir='ltr'>orator,</span> <span class='ocrx_word' id='word_1_486' title='bbox 1167 4809 1414 4890; x_wconf 86' lang='lat' dir='ltr'>Brute,</span> <span class='ocrx_word' id='word_1_487' title='bbox 1466 4803 1514 4870; x_wconf 84' lang='lat' dir='ltr'>fi</span> <span class='ocrx_word' id='word_1_488' title='bbox 1565 4806 1916 4895; x_wconf 86' lang='lat' dir='ltr'>quisquam</span> <span class='ocrx_word' id='word_1_489' title='bbox 1953 4804 2166 4891; x_wconf 77' lang='lat' dir='ltr'>aliuS,</span> <span class='ocrx_word' id='word_1_490' title='bbox 2214 4806 2587 4884; x_wconf 72' lang='lat' dir='ltr'>juventuti..</span> <span class='ocrx_word' id='word_1_491' title='bbox 2644 4806 2797 4870; x_wconf 89' lang='lat' dir='ltr'>Non</span> <span class='ocrx_word' id='word_1_492' title='bbox 2850 4804 3029 4868; x_wconf 89' lang='lat' dir='ltr'>enim</span> <span class='ocrx_word' id='word_1_493' title='bbox 3068 4797 3181 4863; x_wconf 73' lang='lat' dir='ltr'>so·-</span> 
     </span>
    </p>
   </div>
   <div class='ocr_carea' id='block_1_2' title="bbox 183 4903 3063 5074">
    <p class='ocr_par' dir='ltr' id='par_1_6' title="bbox 183 4903 3063 5074">
     <span class='ocr_line' id='line_1_44' title="bbox 183 4903 3019 5063; baseline -0.004 -87"><span class='ocrx_word' id='word_1_494' title='bbox 183 4910 342 4978; x_wconf 84' lang='lat' dir='ltr'>Ium</span> <span class='ocrx_word' id='word_1_495' title='bbox 394 4921 674 4998; x_wconf 82' lang='lat' dir='ltr'>acuere,</span> <span class='ocrx_word' id='word_1_496' title='bbox 726 4905 842 4978; x_wconf 82' lang='lat' dir='ltr'>sed</span> <span class='ocrx_word' id='word_1_497' title='bbox 887 4909 1092 4986; x_wconf 75' lang='lat' dir='ltr'>etiam</span> <span class='ocrx_word' id='word_1_498' title='bbox 1141 4903 1314 4977; x_wconf 86' lang='lat' dir='ltr'>alere</span> <span class='ocrx_word' id='word_1_499' title='bbox 1365 4903 1710 4996; x_wconf 81' lang='lat' dir='ltr'>ingenium</span> <span class='ocrx_word' id='word_1_500' title='bbox 1759 4903 2022 4996; x_wconf 41' lang='lat' dir='ltr'>potestf</span> <span class='ocrx_word' id='word_1_501' title='bbox 2626 4985 2633 4992; x_wconf 29' lang='grc'>,</span> <span class='ocrx_word' id='word_1_502' title='bbox 2875 5001 2947 5063; x_wconf 76' lang='lat' dir='ltr'>H</span> <span class='ocrx_word' id='word_1_503' title='bbox 3002 4995 3019 5014; x_wconf 37' lang='grc' dir='ltr'><strong><em>ο</em></strong></span> 
     </span>
     <span class='ocr_line' id='line_1_45' title="bbox 1649 5011 3063 5074; baseline -0.006 -1"><span class='ocrx_word' id='word_1_504' title='bbox 1649 5041 1675 5062; x_wconf 87' lang='lat'><strong>·</strong></span> <span class='ocrx_word' id='word_1_505' title='bbox 1768 5011 1826 5072; x_wconf 87' lang='lat' dir='ltr'>R</span> <span class='ocrx_word' id='word_1_506' title='bbox 1881 5029 1912 5074; x_wconf 86' lang='lat' dir='ltr'>r</span> <span class='ocrx_word' id='word_1_507' title='bbox 2019 5031 2068 5073; x_wconf 65' lang='grc' dir='ltr'>ι</span> <span class='ocrx_word' id='word_1_508' title='bbox 2956 5017 3063 5066; x_wconf 80' lang='lat' dir='ltr'>ute</span> 
     </span>
    </p>
   </div>
  </div>
 </body>
</html>
