4359 6321
1201 419 1374 515 128
1936 422 2172 510 DE
2296 412 3244 507 ORATORE

1065 544 1334 610 ditatem
1385 552 1728 626 paternam
1779 539 2164 608 testamento
2210 538 2481 611 exheres
2536 534 2720 603 filius
2776 542 2914 622 (61
2946 545 2979 619 )
3015 583 3031 601 .
3085 538 3317 622 Neque
3368 536 3439 603 in
3490 554 3567 601 ea
3620 538 3817 606 causa
3872 562 4032 631 quae.

1070 642 1266 709 situm
1313 639 1405 710 est
1455 641 1537 706 de
1591 644 1733 720 jure
1783 643 1966 711 civili
2008 692 2029 725 ‚
2076 638 2357 727 possetne
2413 654 2845 725 paternorum
2898 636 3227 704 bonorum
3276 636 3548 705 exheres
3615 640 3737 705 effe
3786 640 3971 709 filius
4020 696 4041 731 ‚

1067 762 1266 831 quem
1321 756 1499 831 pater
1553 746 1940 813 testamento
2002 760 2221 829 neque
2266 737 2575 807 heredem
2609 790 2631 823 ,
2702 757 2914 825 neque
2984 734 3381 803 exheredem
3438 735 3768 826 scripsisset
3822 746 4039 811 nomi..

1067 844 1324 911 natim?
1592 857 1600 865 ·
2324 896 2336 907 .

1170 949 1487 1013 XXXIX.
1545 945 1771 1032 Quid,
1822 965 1950 1035 qua
1997 942 2076 1010 de
2125 961 2197 1008 re
2250 942 2418 1008 inter
2458 939 2864 1024 Marce1108,
2916 935 3331 1005 &Claudios
3380 942 3684 1027 patricios
3740 960 4039 1013 centum-

1066 1047 1191 1113 viri
1245 1047 1682 1123 judicarunt?
1755 1066 1921 1113 cum
1973 1041 2275 1109 Marcelli
2328 1062 2367 1107 a
2421 1041 2639 1107 liberti
2690 1039 2829 1107 filio
2885 1036 3076 1125 stirpe
3130 1044 3329 1127 (62)
3386 1041 3711 1127 Claudii,
3781 1048 4035 1133 patricii

1065 1145 1366 1223 ejusdem
1415 1145 1703 1213 nominis
1741 1199 1764 1231 0
1827 1146 2251 1213 hereditatem
2302 1158 2498 1231 gente
2565 1137 2647 1208 ad
2700 1138 2764 1206 se
2816 1137 3062 1207 rediisse
3116 1138 3405 1207 dicerent
3459 1196 3479 1229 ,
3551 1164 3775 1212 nonne
3848 1146 3917 1213 in
3967 1167 4041 1216 ea

1063 1245 1260 1313 causa
1330 1244 1454 1311 fuit
1504 1244 1864 1313 oratoribus
1915 1244 1993 1313 de
2044 1259 2187 1311 toto
2234 1242 2440 1331 stirpis
2511 1264 2585 1311 ac
2636 1240 3025 1330 gentilitatis
3094 1240 3239 1317 jure
3304 1241 3724 1313 dicendum?
3802 1248 3984 1329 Quid
4026 1301 4045 1333 ‚

1063 1346 1238 1435 quod
1273 1348 1434 1413 item
1483 1350 1554 1414 in
1593 1344 2064 1415 centumvirali
2105 1342 2350 1422 judicio
2383 1359 2709 1411 certatum
2744 1342 2866 1416 effe
2918 1342 3341 1429 accepimus?
3398 1346 3514 1433 qui
3538 1349 3828 1413 Romam
3880 1354 4039 1443 (63)

1066 1449 1136 1512 in
1183 1447 1460 1513 exilium
1511 1448 1779 1517 venisset
1813 1500 1834 1533 ‚
1904 1448 2014 1512 cui
2067 1450 2295 1514 Rornae
2344 1448 2615 1513 exulare
2667 1445 2771 1522 jus
2823 1440 3031 1529 esset,
3110 1440 3157 1507 fi
3210 1440 3275 1507 se
3344 1442 3424 1507 ad
3500 1446 3793 1533 aliquem
3862 1448 4041 1535 quali

1067 1562 1424 1635 patronum
1475 1550 1912 1639 applicavisset
1949 1600 1970 1633 ,
2037 1546 2469 1637 intestatoque
2517 1548 2667 1615 esset
2719 1559 3023 1611 mortuus
3068 1592 3089 1628 ,
3160 1564 3383 1611 nonne
3436 1545 3503 1609 in
3557 1564 3637 1612 ea
3688 1544 3883 1615 causa
3937 1551 4035 1629 jus

1068 1649 1516 1735 applicationis
1556 1704 1577 1738 ,
1626 1646 1982 1719 obscurum
2035 1647 2190 1715 sane
2242 1652 2311 1718 &
2370 1650 2719 1737 ignotum,
2772 1641 3177 1734 patefastum
3230 1645 3299 1708 in
3358 1645 3603 1723 judicio
3641 1698 3662 1732 ,
3712 1664 3911 1737 atque
3962 1651 4043 1716 il-

1071 1748 1418 1816 lustratum
1450 1752 1559 1817 'est
1627 1773 1666 1815 a
1715 1750 2062 1840 patrono?
2137 1748 2315 1835 Quid
2369 1771 2572 1837 nuper
2618 1804 2639 1835 ,
2708 1768 2865 1815 curn
2934 1764 3062 1832 ego
3112 1750 3183 1809 C.
3210 1747 3423 1833 Sergii
3474 1749 3737 1814 Auratae
3810 1764 4047 1815 contra

1067 1848 1247 1916 hunc
1299 1848 1606 1921 nostrum
1653 1854 2027 1919 Antonium
2084 1851 2324 1929 judicio
2372 1853 2631 1939 privato
2683 1847 2952 1916 causam
2999 1843 3421 1914 defenderem
3463 1899 3484 1935 ,
3554 1869 3775 1917 nonne
3822 1852 4043 1917 omnis

1069 1950 1284 2017 nostra
1339 1952 1407 2016 in
1460 1954 1606 2030 jure
1663 1953 1910 2025 versata
1962 1950 2249 2018 defensio
2294 1950 2387 2017 est
2425 1953 2460 2013 ,ἓ
2531 1956 2709 2019 Cum
2762 1948 2948 2015 enim
3001 1944 3259 2013 Marius
3332 1955 3533 2035 (64)
3612 1950 4039 2019 Gratidianus

1068 2049 1242 2116 aedes
1291 2054 1555 2118 Auratae
1613 2050 1987 2117 vendidisset
2023 2102 2045 2137 ‚
2113 2071 2327 2139 neque
2382 2050 2635 2119 servire·
2686 2047 3017 2138 quandam
3072 2066 3303 2112 earum
3358 2049 3598 2123 aediuiri
3668 2070 3917 2137 partem
3972 2056 4039 2119 in

1067 2151 1378 2238 mancipii
1429 2150 1576 2240 lege
1625 2152 1878 2219 dixisset
1917 2174 1938 2213 .-
1995 2147 2507 2219 defendebamus
2554 2206 2572 2237 ‚
2640 2148 2958 2241 quidquid
3015 2145 3225 2213 fuisset
3275 2148 3669 2219 incommodi
3722 2154 3791 2217 in
3844 2175 4039 2221 man-

1065 2254 1278 2341 cipio,
1325 2249 1393 2316 id
1446 2251 1495 2319 si
1547 2252 1846 2319 venditor
1904 2250 2142 2337 scisset,
2198 2271 2411 2339 neque
2458 2251 2884 2333 declarasset,
2936 2244 3233 2335 praestare
3283 2249 3517 2319 debere
3548 2302 3565 2320 .

1173 2359 1330 2438 Qio
1378 2351 1644 2439 quidem
1689 2354 1758 2417 in
1807 2371 2050 2439 genere
2101 2350 2451 2416 familiaris
2505 2352 2712 2418 noster
2752 2347 3315 2437 M.Buccu1ejus,
3362 2354 3570 2422 homo
3620 2374 3835 2444 neque
3886 2379 4036 2425 meo

3764 2458 3927 2535 judi-

1135 2808 1296 2869 (61)
1332 2804 1680 2875 Testamenta
1717 2804 1934 2866 exheres
1971 2803 2131 2875 filius
2163 2812 2193 2871 )
2244 2806 2500 2867 Clariffi-
2602 2828 2655 2866 te
2692 2814 2886 2877 (quam
2924 2804 3201 2865 serviisse-t
3233 2848 3249 2870 ,
3287 2810 3341 2863 δε
3379 2826 3547 2886 quam·
3566 2808 3756 2876 justam
3793 2804 3955 2883 fuil'se
3995 2806 4045 2863 ii

1063 2894 1177 2932 mus
1211 2877 1500 2934 Lambinus
1536 2878 1703 2935 audax
1743 2876 2090 2949 Scriptorum
2125 2878 2361 2945 censor,
2399 2877 2493 2937 sed
2594 2876 3041 2939 contendebant)
3091 2882 3173 2956 lu?
3226 2876 3576 2953 Gentilitatis
3632 2876 3899 2954 Claudiis·
4004 2895 4043 2923 ’-

1059 2966 1218 3016 quem
1255 2966 1370 3006 nou
1413 2948 1547 3005 velis
1586 2944 1734 3005 fuifle
1769 2946 1947 3007 minus
1983 2948 2265 3016 audacem,
2302 2948 2488 3009 censet
2594 2948 2764 3006 triciis
2799 2946 3046 3005 amissum
3086 2945 3242 3003 luisse
3285 2946 3594 3025 videbatur.
3640 2948 3726 3026 Dc
3764 2944 3898 3016 signi
3948 2969 4045 3026 05²-

1059 3015 1178 3074 haec
1219 3018 1318 3075 tria
1360 3019 1514 3077 verba
1552 3018 1781 3077 delenda
1822 3016 1922 3077 ess'e
1954 3062 1968 3085 ‚
2025 3020 2349 3089 testamento
2385 3042 2487 3079 ex·
2588 3020 2739 3077 tione
2768 3017 2926 3097 ‚vocis
2963 3018 3204 3076 Gentiles
3242 3016 3365 3073 audi
3406 3016 3580 3089 ipsum
3598 3019 3935 3097 Ciceronem
3975 3038 4038 3076 in

1061 3090 1209 3145 heres
1223 3086 1419 3162 filius:
1462 3092 1676 3150 testatur
1707 3091 1848 3149 idem
1873 3111 1930 3148 ea
1949 3090 2011 3149 ab
2035 3112 2147 3149 uno
2184 3088 2311 3147 Mss.
2328 3110 2485 3164 quem
2584 3090 2805 3163 Topicis
2840 3110 2889 3146 c.
2926 3102 2978 3147 6.
3016 3090 3262 3147 Gentiles
3295 3088 3473 3159 sunt,
3508 3091 3617 3162 Qii
3656 3107 3805 3168 inter
3841 3084 3896 3143 se
3936 3109 4039 3146 eo-

1059 3159 1208 3218 vidit
1237 3203 1254 3228 ‚
1308 3162 1469 3220 abesle
1497 3205 1512 3219 .
1565 3164 1770 3223 Talaeus
1807 3165 1966 3222 etiam
2002 3163 2141 3223 dicit
2179 3182 2236 3218 ea
2272 3181 2300 3218 a
2336 3184 2485 3220 non·
2589 3160 2713 3220 dem
2749 3160 2974 3220 nomine
3009 3158 3171 3219 sunt.
3214 3169 3337 3218 Non
3377 3158 3447 3232 est
3470 3162 3622 3233 satis
3648 3202 3663 3218 .
3702 3165 3809 3234 Qui
3848 3159 3907 3218 ab
3945 3163 4035 3220 in-

1061 3235 1228 3290 nullis
1277 3253 1432 3290 exem
1475 3235 1668 3294 laribus
1717 3235 1888 3293 abesse
1921 3277 1938 3294 .
1993 3235 2229 3296 Utinam
2266 3234 2487 3305 quidem
2588 3234 2777 3305 gennis
2812 3231 3041 3291 oriundi
3078 3231 3238 3290 sunt.
3279 3240 3359 3289 Ne
3395 3233 3456 3288 id
3492 3235 3716 3314 quidem
3738 3231 4028 3312 satis-est.

1059 3303 1120 3362 iu
1158 3303 1288 3364 meis
1341 3309 1398 3372 M
1429 3329 1469 3364 s.
1524 3307 1670 3366 idem
1719 3305 2081 3367 observassem
2117 3322 2303 3364 ⁸..cum
2338 3306 2489 3363 enim
2592 3311 2839 3377 Quorum
2877 3309 3141 3376 majorum
3180 3322 3343 3384 nemo
3378 3302 3701 3385 servitutem
3757 3301 4026 3384 servtvit.

1057 3379 1214 3434 miles
1267 3377 1610 3447 praecesserat
1639 3421 1656 3446 ,
1698 3379 1961 3438 redundat
2010 3377 2151 3437 casus
2192 3377 2491 3436 nominati-
2593 3375 2762 3447 Abest
2798 3381 2973 3433 etiam
3010 3395 3195 3434 nunc.
3234 3378 3347 3450 Qui
3382 3395 3563 3448 capite
3602 3397 3720 3434 non
3774 3371 3900 3433 sunt
3939 3375 4027 3433 di·

1059 3465 1156 3504 vus
1184 3471 1200 3504 ε
1256 3453 1313 3508 δε
1350 3469 1470 3508 cum
1509 3451 1568 3509 in
1605 3452 1770 3510 dubio
1823 3451 1925 3509 fuit
1965 3493 1984 3518 ,
2027 3469 2212 3509 utrum
2261 3446 2491 3508 exheres
2590 3447 2826 3507 minuti.
2862 3457 2975 3507 Hoc
3000 3445 3227 3523 fortaffe
3252 3451 3403 3518 satis
3443 3448 3555 3529 εΙξ,
3586 3447 3780 3508 Idem.
3910 3517 3922 3528 ⁹

1054 3517 1192 3573 esset
1225 3519 1382 3576 miles
1419 3542 1620 3588 necne,
1660 3544 1774 3578 non
1813 3525 2090 3590 eleganter
2145 3520 2256 3579 dici
2306 3520 2489 3596 potest
2661 3526 2824 3594 (63)
2876 3522 2999 3597 9κὶ
3050 3527 3344 3587 Romam)
3400 3519 3638 3598 Qidam
3700 3537 4026 3592 peregi-mus

1053 3586 1274 3664 exheres
1308 3587 1472 3653 filius
1497 3628 1528 3666 ,α
1567 3597 1738 3646 Porro
1780 3591 2082 3648 notandum
2136 3594 2215 3650 est
2257 3612 2343 3650 me
2382 3613 2488 3651 no·
2588 3591 2706 3656 (sic
2742 3593 3044 3664 appellatur
3067 3591 3383 3665 quicumque
3419 3593 3558 3651 civis
3598 3612 3711 3649 non
3751 3589 3873 3654 est)
3910 3595 4030 3649 Ro-

1055 3671 1162 3712 tam
1213 3659 1656 3728 interrogationis
1693 3661 1812 3729 post
1857 3680 2042 3716 vocem
2064 3661 2230 3730 filim
2268 3661 2487 3734 posuis-
2586 3683 2725 3719 mam
2766 3664 2965 3732 venit,
3010 3665 3069 3721 in
3109 3665 3339 3722 exilium
3376 3666 3569 3734 ejectus
3621 3685 3688 3722 ex
3726 3664 3857 3721 urbe
3894 3659 3985 3718 sua
4010 3702 4029 3726 ,

1053 3723 1142 3784 se·
1175 3731 1469 3784 Parcius·
2578 3737 2642 3787 ἃ
2680 3732 2889 3803 patria.
2926 3735 3219 3808 Applicuit
3256 3731 3365 3792 sese
3388 3777 3405 3800 ‚
3442 3735 3500 3792 id
3534 3734 3612 3792 est
3636 3777 3650 3800 ‚
3687 3733 3942 3804 adjunxit
3960 3732 4028 3790 ad

1123 3801 1287 3863 (62)
1323 3804 1383 3854 A
1437 3800 1622 3855 leberti
1659 3797 1782 3868 filio
1823 3799 2043 3870 ster-pe)
2091 3799 2261 3856 Filius
2303 3799 2485 3857 liberti
2588 3805 2898 3868 Romanum
2934 3825 3159 3874 civem,
3204 3825 3363 3880 quem
3408 3808 3645 3874 coleret,
3686 3805 4033 3864 observaret-

1049 3865 1320 3934 cujusdam
1367 3887 1398 3922 e
1449 3869 1814 3926 Claudiorum
1865 3887 2029 3940 gerite
2085 3869 2341 3928 intestato
2394 3871 2490 3927 de-

1047 3935 1233 4017 ceffit',
1266 3937 1483 4010 ejusque
1519 3938 1791 3998 hereditas
1829 3941 1947 4011 lege
1999 3939 2162 3998 rediit
2212 3941 2280 3998 ad
2317 3943 2488 4000 Clau-

1048 4009 1201 4073 d1033
1239 4029 1466 4082 quorom
1501 4011 1620 4069 duae
1659 4010 1872 4070 familiae
1925 4031 2083 4070 erant
2113 4053 2129 4078 ,
2169 4013 2337 4071 altera
2391 4034 2483 4082 pa-

1049 4081 1204 4140 tricia
1237 4123 1258 4147 ,
1305 4081 1473 4139 altera
1521 4083 1759 4155 plebeia.
1797 4083 2022 4144 Claudii
2059 4085 2275 4155 patricii
2320 4105 2481 4143 voca-

1051 4152 1244 4232 bantur
1276 4152 1501 4212 Pulchri
1523 4195 1555 4235 ,α
1573 4155 1772 4228 plebeii
1812 4175 1946 4212 vero
1985 4157 2268 4214 Marcelli:
2308 4155 2373 4215 hi
2411 4157 2478 4214 de

1045 4225 1308 4285 intestato
1357 4242 1557 4283 mortui
1609 4225 1914 4284 hereditate
1965 4228 2269 4288 certabant.
2308 4229 2481 4288 Clau-

1045 4295 1126 4376 dii
1163 4296 1382 4370 patricii
1417 4301 1696 4370 (quorum
1733 4297 1930 4378 familia
1970 4297 2116 4358 istius
2153 4299 2331 4372 gentis
2366 4321 2479 4357 nia-

1042 4387 1190 4426 xima
1228 4388 1352 4426 natu
1403 4368 1505 4426 fuit
1531 4411 1548 4436 ,
1580 4375 1608 4433 )
1657 4369 1754 4428 fibi
1807 4369 2172 4430 hereditatem
2228 4371 2479 4430 vindica-

1042 4459 1174 4498 runt
1225 4444 1347 4511 jure
1398 4441 1790 4509 Gentilitatis,
1844 4443 1967 4515 quia
2020 4443 2243 4502 libertus
2297 4443 2394 4501 iste
2445 4464 2476 4501 e

1041 4531 1208 4582 gente
1243 4510 1475 4572 Claudia
1509 4510 1676 4580 esset,
1719 4513 2056 4587 ipsorumque
2103 4513 2303 4570 familia
2338 4513 2476 4572 esset

1039 4584 1242 4654 prima:
1281 4588 1371 4648 δε,
1408 4583 1645 4655 quamvis
1681 4581 2002 4642 servitutem
2044 4581 2353 4650 serviisset,
2394 4603 2475 4642 ta-

1035 4673 1166 4712 men
1205 4652 1428 4713 Claudii
1467 4656 1686 4727 patricii
1725 4654 2128 4714 contendebant
2168 4674 2285 4712 eam
2324 4656 2473 4724 inju-

1031 4723 1167 4783 stam
1203 4723 1402 4794 fuisse,
1444 4727 1678 4800 ideoque
1716 4725 1770 4783 se
1804 4731 1922 4796 jure
1959 4725 2309 4782 Gentilitatis
2348 4729 2471 4798 pri-

1033 4799 1154 4856 vari
1193 4817 1308 4859 non
1345 4798 1617 4870 potuisse.
1655 4795 1878 4875 Claudii
1919 4814 2053 4875 vero
2103 4795 2353 4866 plebeii,
2400 4797 2469 4854 sc.

1031 4868 1284 4928 Marcelli
1321 4910 1340 4934 ,
1391 4869 1617 4926 eandem
1669 4866 1766 4923 fibi
1806 4865 2154 4923 vindicarunt
2191 4865 2473 4925 heredita-

1029 4955 1142 4998 tem
1175 4941 1296 5014 quia
1333 4939 1555 5002 libertus
1589 4935 1688 4995 iste
1727 4935 1824 4995 stii-
1866 4956 1896 4994 e
1951 4936 2184 5009 propior
2236 4939 2467 5014 Marcel-

1023 5006 1094 5070 lis
1125 5010 1457 5092 {umquam
1493 5005 1784 5084 Pulchris,
1913 5007 2036 5086 quia
2072 5005 2167 5068 ista
2204 5005 2445 5078 servitu:

1483 5249 1513 5288 ‘e

2627 3892 2729 3952 ue,
2778 3894 2838 3934 ut
2873 3878 3044 3936 cliens
3078 3897 3370 3950 patronum
3397 3918 3417 3944 ,
3476 3883 3533 3936 &
3586 3897 3613 3933 a
3650 3898 3759 3950 quo
3796 3875 4031 3936 viciffim

2630 3946 2979 4006 esendebatur
3004 3991 3021 4016 ‚
3052 3970 3109 4006 ac
3148 3947 3188 4006 fi
3226 3949 3366 4007 civis
3416 3953 3473 4005 ἀ
3509 3949 3680 4006 cliens
3734 3949 3853 4007 suus
3890 3945 4033 4006 fuis-

2582 4013 2665 4073 set
2699 4057 2715 4072 .
2768 4019 3034 4091 Contigit
3068 4038 3127 4078 ut
3179 4019 3277 4076 ille
3328 4021 3649 4096 peregi-inus
3700 4019 4035 4078 testamento

2582 4087 2743 4146 nullo
2778 4087 2915 4150 facto
2953 4109 3253 4150 moreretur
3286 4128 3304 4144 .
3360 4093 3521 4146 Civis
3571 4091 3848 4164 Romanus
3878 4130 3895 4152 ,
3940 4111 4035 4148 cui

2582 4162 2900 4234 peregrinus
2940 4163 3032 4220 ille
3072 4179 3320 4234 tanquam
3396 4177 3597 4238 ati-ono
3626 4154 3867 4214 αάἀιᾶιις
3908 4159 4041 4218 fuc-

2583 4253 2697 4300 rat,
2736 4238 2845 4305 ejus
2883 4233 3243 4292 hereditatem
3276 4251 3352 4305 po
3403 4230 3573 4310 ulavit
3590 4225 3729 4300 apud
3746 4228 4037 4312 Centum-

2586 4305 2733 4362 viros
2767 4347 2784 4374 ,
2838 4325 2895 4362 ea
2932 4305 2999 4362 de
3034 4302 3179 4362 causa
3210 4343 3227 4368 ‚
3280 4301 3426 4372 quod
3464 4299 3559 4360 iste
3596 4315 3918 4379 peregrinus
3958 4305 4035 4362 ad

2582 4376 2600 4432 i
2646 4375 2758 4433 sum
2808 4373 3152 4448 applicuisset
3203 4371 3354 4438 sese,
3404 4378 3462 4430 δε
3502 4370 3678 4431 veluti
3718 4370 3821 4444 ipsi
3861 4371 4035 4431 dedi-

2580 4396 2782 4504 ‹iisset-
2820 4447 2979 4512 Hoc‚
3016 4442 3395 4517 applicationis
3431 4448 3514 4515 jus
3565 4442 3803 4517 appellat
3846 4445 4028 4504 Cice-

2576 4537 2672 4573 ro.
2728 4520 2817 4575 De
2870 4517 2974 4574 isto
3006 4519 3123 4584 jure
3174 4534 3328 4572 antea
3380 4513 3650 4582 obscuro,
3710 4514 3833 4588 quia
3885 4533 4021 4596 rarae

2575 4585 2703 4644 sunt
2756 4585 3067 4656 hujusmodi
3116 4585 3282 4644 causae
3316 4627 3333 4653 ,
3402 4587 3697 4647 dicendum
3754 4585 4033 4644 causidico

2576 4655 2711 4723 fuit,
2747 4655 2985 4730 adeoque
3021 4657 3400 4717 illustrandum
3436 4665 3494 4718 δε
3552 4657 3991 4733 patefaciendum
4012 4698 4033 4716 .

2575 4727 2858 4796 Pmsteus.
2896 4729 3041 4788 Vide
3078 4732 3325 4790 Turneb.
3362 4731 3603 4793 Advers.
3645 4749 3813 4789 xxiv.
3850 4749 3951 4803 32·

2646 4803 2805 4872 (64)
2859 4809 3003 4860 Cum
3055 4807 3203 4860 enim
3268 4809 3487 4864 Marius
3527 4810 3555 4870 )
3602 4807 3743 4866 Rem
3792 4819 4031 4860 omnem

2570 4869 2735 4948 paulo
2788 4869 2946 4932 fusius
2984 4873 3225 4947 explicat
3276 4875 3485 4937 Cicero
3519 4875 3619 4937 lib.
3654 4897 3708 4952 3.
3745 4872 3815 4932 de
3850 4872 4037 4934 Offi-

2568 4959 2704 5012 ciiS,
2741 4963 2854 5020 cap.
2892 4967 2984 5007 ιο.
3024 4945 3313 5019 frustras·
