4359 6321
1027 522 1648 624 LIBER
1763 521 2587 630 PRIMUS.
3016 553 3146 644 ‘2‘1'

261 655 542 751 cogitata
593 645 766 722 ratio
803 652 824 720 3
911 647 1116 722 Basta
1166 665 1395 719 autem
1432 701 1457 737 ,
1505 651 1578 720 &
1635 647 1832 718 casus
1872 646 1915 737 ,'
1963 654 2036 723 &t
2087 653 2421 724 orationes
2472 653 2683 726 tribus
2727 673 2813 726 ex
2869 665 3275 752 temporibus

258 754 846 830 conliderabuntur
883 779 902 821 t
953 751 1114 847 quid
1163 751 1400 821 fecerit
1431 803 1453 840 ,
1501 769 1616 820 aut
1663 751 1826 841 quid
1878 751 1996 840 ipli
2048 751 2400 843 acciderit,
2452 772 2565 826 aut
2614 757 2770 848 quid
2820 756 3101 831 dixerit:
3152 788 3275 838 aut

252 856 406 950 quid
457 855 667 926 faciat
709 910 729 944 ‚
783 857 944 947 quid
995 855 1110 945 ipfi
1161 855 1418 923 accidat
1459 904 1480 938 ‚
1529 851 1692 943 quid
1739 853 1918 921 dicat
1959 876 1978 917 t
2032 867 2146 920 aut
2198 854 2358 943 quid
2412 855 2717 928 facturus
2769 861 2885 946 lit,
2940 861 3104 949 quid
3156 865 3273 953 ipfi

245 959 564 1029 casurum
617 958 733 1047 fit,
783 979 916 1050 qua
969 957 1052 1028 fit
1105 953 1343 1028 usurus
1392 955 1739 1022 oratione.
1793 958 1898 1022 Ac
1949 953 2243 1042 personis
2294 957 2567 1046 quidem
2617 961 2759 1030 haec
2812 961 3120 1034 videntur
3172 965 3271 1036 el?-

243 1059 312 1130 se
367 1060 676 1129 attributa
700 1107 718 1126 .

349 1165 604 1231 XXVI.
661 1150 966 1252 Negotiis
1017 1175 1242 1233 autem
1289 1182 1430 1252 quae
1485 1156 1634 1226 sunt
1683 1154 2002 1227 attributa
2039 1209 2062 1244 ‚
2131 1163 2379 1249 partim
2435 1160 2587 1230 sunt
2634 1165 3053 1236 continentia
3102 1191 3267 1242 cum

243 1263 392 1352 ipso
439 1263 714 1354 negotio
758 1317 780 1354 ,
832 1263 1072 1352 partim
1128 1264 1194 1332 in
1249 1261 1542 1352 gestione
1593 1261 1842 1350 negotii
1893 1260 2385 1331 considerantur
2425 1315 2447 1349 ,
2498 1265 2743 1352 partim
2792 1265 3102 1346 adjunaa
3150 1293 3271 1342 ne..

241 1365 432 1455 gotio
481 1363 692 1453 sunt,
759 1367 1002 1454 partim
1055 1365 1318 1456 gestum
1367 1363 1714 1452 negotium
1783 1361 2278 1454 consequuntur
2317 1413 2337 1432 .
2406 1366 2837 1436 Continentia.
2908 1391 3067 1440 cum
3118 1371 3261 1460 ipso

235 1467 512 1556 negotio
559 1466 716 1536 sunt
763 1487 842 1534 ea
891 1520 914 1553 ‚
983 1491 1128 1558 quae
1208 1468 1462 1554 semper
1531 1461 1726 1529 affixa
1793 1465 1918 1532 effe
1969 1467 2281 1534 videntur
2354 1463 2434 1532 ad
2488 1487 2631 1536 rem
2672 1521 2695 1554 ,
2764 1489 2977 1561 neque
3048 1470 3128 1540 ab
3178 1493 3257 1540 ea

237 1568 502 1656 poss'unt
577 1566 850 1657 separari
890 1617 908 1634 .
979 1571 1080 1635 Ex
1150 1567 1254 1636 his
1320 1567 1535 1657 prima
1597 1563 1692 1631 est
1760 1563 1976 1635 brevis
2027 1568 2407 1656 complexio
2476 1572 2675 1638 totius
2728 1576 3038 1661 negotii,
3112 1597 3259 1664 quae

241 1666 590 1737 summam
637 1673 928 1738 continet
985 1669 1142 1740 fasti
1193 1724 1214 1758 ‚
1264 1670 1388 1739 hoc
1438 1663 1680 1734 modo:
1731 1668 2029 1738 Parentis
2079 1669 2359 1754 occifi0‚
2414 1671 2635 1756 patriae
2686 1674 3001 1760 proditio.
3054 1676 3263 1750 Dein-2

233 1767 320 1835 de
369 1767 566 1837 causa
617 1771 762 1849 eius
811 1769 1082 1840 summa:
1121 1823 1144 1858 ,
1213 1791 1328 1862 per
1375 1785 1585 1861 quam
1625 1819 1647 1854 ,
1699 1769 1770 1836 &
1831 1768 2263 1860 quamobrem
2302 1821 2325 1856 ,
2377 1770 2447 1838 ὃ(
2502 1772 2701 1848 cujus
2751 1776 2847 1842 rei
2895 1777 3093 1844 caula
3147 1778 3243 1842 fa-

235 1868 426 1937 &um
476 1869 553 1938 fit
593 1921 618 1958 ,
679 1875 993 1963 quaeritur
1029 1921 1046 1938 .
1118 1873 1374 1941 Deinde
1424 1887 1578 1940 ante
1628 1889 1770 1936 rem
1819 1869 2070 1960 gestam
2119 1895 2263 1962 quae
2316 1869 2493 1938 facta
2546 1869 2701 1942 sunt
2738 1925 2763 1960 ,
2834 1877 3251 1944 continenter

237 1969 458 2058 usque
504 1971 588 2036 ad
639 1972 850 2055 ipsum
903 1975 1288 2060 negotium.
1341 1971 1599 2044 Deinde
1646 1971 1714 2038 in
1767 1971 1904 2061 ipso
1953 1974 2243 2063 gerendo
2292 1971 2563 2062 negotio
2612 1974 2769 2063 quid
2822 1977 3053 2048 astam
3106 1979 3184 2046 fit
3232 2026 3254 2047 .

245 2067 516 2136 Deinde
587 2068 748 2156 quid
815 2070 1032 2154 postea
1103 2070 1356 2138 fastum
1408 2074 1520 2140 fit.

344 2172 428 2234 In
481 2166 776 2254 gestione
829 2181 1056 2234 autem
1108 2168 1414 2256 negotii,
1459 2170 1572 2257 qui
1627 2171 1814 2242 locus
1869 2170 2194 2242 secundus
2238 2188 2379 2242 erat
2428 2174 2515 2244 de
2566 2177 2644 2246 iis
2682 2229 2707 2263 ,
2771 2203 2911 2269 quae
2964 2182 3249 2271 negotiis

233 2266 552 2336 attributa
609 2264 758 2334 sunt
797 2319 818 2352 ,
867 2284 1193 2356 quaeretur
1243 2269 1432 2336 locus
1469 2319 1492 2355 ,
1543 2284 1806 2356 tempus
1843 2319 1866 2352 ‚
1913 2275 2148 2338 modus
2188 2324 2211 2357 ,
2256 2273 2507 2342 occaslo
2558 2326 2579 2359 ,
2635 2277 2915 2348 facultas
2958 2329 2973 2347 .
3028 2286 3249 2350 Locus

231 2368 692 2439 confidet-atur
733 2420 755 2454 ‚
805 2369 874 2434 in
925 2389 1064 2459 quo
1108 2389 1214 2434 res
1265 2367 1444 2455 gesta
1493 2367 1612 2449 sit,
1663 2389 1748 2434 ex
1799 2371 2327 2456 opportunitate,
2376 2393 2581 2459 quam
2636 2377 2937 2446 videatur
2988 2379 3249 2449 habuii-

229 2470 304 2538 se
357 2473 440 2538 ad
489 2473 828 2558 negotium
880 2466 1514 2536 administrandum.
1573 2467 1666 2530 Ea
1723 2483 1948 2531 antem
2000 2472 2449 2554 opportunitas
2500 2475 2813 2560 quaeritur
2864 2497 2949 2545 ex
2986 2485 3245 2568 magni.

225 2570 460 2640 tudine
495 2622 516 2656 ‚
567 2569 922 2638 intervallo
957 2623 980 2656 ,
1030 2568 1558 2657 longinquitate,
1609 2563 2140 2654 propinquitate,
2196 2565 2589 2654 solitudine,
2636 2574 3013 2646 celebritate
3048 2629 3071 2662 ,
3124 2599 3245 2648 na-

223 2689 390 2740 tura
439 2671 637 2758 ipfius
693 2670 874 2754 loci,
927 2672 998 2740 δι’
1059 2668 1399 2738 vicinitate
1449 2670 1654 2736 totius
1701 2667 1992 2753 regionis
2029 2713 2044 2732 .
2101 2667 2201 2730 Ex
2257 2665 2367 2732 his
2410 2671 2613 2736 etiam
2668 2673 3255 2754 attributionibusg-

225 2773 460 2856 sacer,
509 2793 594 2837 an
649 2769 1005 2858 profanus:
1058 2767 1399 2856 publicuS,
1449 2787 1536 2836 an
1589 2767 1926 2856 privatus:
1980 2765 2233 2839 alienus
2285 2817 2309 2853 ,
2357 2786 2443 2835 an
2494 2769 2733 2856 ipsine,
2780 2773 2867 2846 de
2913 2799 3045 2866 quo
3096 2781 3245 2870 agi·-

227 2889 387 2957 tur,
437 2873 630 2938 locus
685 2871 802 2956 fit,
851 2892 936 2938 an
993 2871 1227 2938 fuerit.

331 2977 642 3060 Tempus
692 2987 958 3058 autem,
1005 2970 1097 3038 est
1148 2973 1259 3057 id,
1311 2989 1444 3063 quo
1492 2993 1676 3041 nunc
1725 2975 2024 3057 utimur,
2071 2985 2285 3062 (nam
2336 2969 2551 3059 ipsum
2602 2976 2865 3063 quidem
2916 2981 3238 3066 generali-

218 3089 328 3143 ter
381 3073 654 3141 definire
699 3071 958 3142 difficile
1009 3071 1152 3163 est)
1203 3089 1358 3162 pars
1408 3073 1706 3164 quaedam
1755 3074 2134 3145 aeternitatis
2182 3091 2341 3142 cum
2394 3075 2679 3150 alicuius
2729 3081 2996 3166 annui,
3044 3101 3238 3150 men..

219 3176 388 3245 sttui
427 3230 450 3261 ,
495 3182 701 3263 (62)
774 3175 992 3242 diurni
1033 3226 1055 3259 ,
1122 3176 1528 3247 nestun-nive·
1564 3177 1750 3263 spatii
1800 3192 1984 3247 certa
2034 3173 2507 3264 significatione
2544 3221 2562 3241 .
2610 3178 2719 3245 ,In
2774 3180 2899 3249 hoc
2956 3184 3024 3249 &
3082 3205 3233 3274 quae

225 3273 688 3363 praeterierunt
726 3323 751 3358 ,
815 3274 1302 3345 considerantur
1342 3329 1367 3362 ,
1441 3278 1512 3346 δε
1559 3296 1800 3345 eorum
1853 3275 2150 3365 ipsorum
2189 3327 2213 3361 ,
2280 3296 2422 3363 quae
2492 3294 2761 3367 propter
2836 3280 3232 3355 vetustatem

219 3373 696 3441 oblbleverunt
739 3421 761 3455 ,
810 3388 884 3437 ut
939 3373 1342 3440 incredibilia
1399 3374 1790 3463 videantur,
1839 3380 1910 3447 &
1970 3378 2108 3453 iam
2157 3376 2232 3440 in
2280 3374 2661 3443 fabularum
2715 3402 3072 3451 numerum
3122 3406 3239 3451 re-

217 3491 611 3564 ponantur:
663 3474 736 3543 δε
789 3492 934 3561 quae
987 3470 1122 3547 jam
1171 3472 1284 3539 diu
1335 3471 1558 3559 gesta,
1609 3480 1681 3544 ἀ
1742 3498 1780 3541 a
1831 3475 2150 3543 memoria
2208 3474 2425 3539 nostra
2476 3488 2727 3541 remota
2778 3526 2803 3559 ,
2848 3498 3076 3546 tamen
3131 3482 3239 3545 fa..

215 3578 404 3645 ciant
455 3574 664 3643 fidem
699 3626 722 3660 ,
771 3594 926 3641 vere
977 3572 1209 3638 tradita:
1255 3572 1380 3637 effe
1419 3622 1442 3653 ‚
1509 3576 1688 3657 quod
1738 3592 1970 3641 eornm
2025 3582 2459 3633 monumenta
2510 3581 2687 3633 certa
2738 3570 2809 3635 in
2860 3572 3067 3639 literis
3110 3595 3238 3655 ex,-

215 3676 400 3745 ssent
445 3702 464 3741 t
537 3679 610 3744 δε
663 3696 808 3760 quae
861 3694 1072 3757 nuper
1129 3669 1307 3759 gesta
1359 3672 1486 3739 fint
1526 3712 1566 3753 ,·
1611 3691 1752 3759 quae
1807 3669 1968 3737 scire
2019 3668 2314 3755 plerique
2366 3662 2597 3751 poffint
2644 3691 2661 3731 ι
2736 3672 2807 3739 &
2862 3670 3023 3739 item
3074 3697 3223 3763 (με

209 3776 466 3845 {nstent
519 3776 594 3837 in
639 3768 968 3856 praesentia
1013 3822 1032 3855 ,
1085 3773 1156 3839 δε
1213 3790 1367 3857 qruae
1408 3768 1704 3835 maxime
1753 3768 1918 3833 fiant
1953 3812 1984 3849 r
2028 3769 2098 3835 &
2159 3787 2299 3851 qua:
2352 3761 2837 3852 consequantur
2876 3814 2895 3835 .
2948 3764 3027 3837 I'n
3079 3777 3229 3863 qui..

211 3878 344 3946 bus
394 3868 592 3962 potest
638 3869 1033 3937 confiderari
1067 3920 1088 3952 ,
1159 3867 1322 3954 quid
1365 3884 1586 3947 ocyus
1621 3916 1654 3951 ,-
1715 3867 1784 3933 &
1861 3862 2020 3954 quid
2073 3861 2286 3931 serius
2334 3861 2647 3933 futurum
2715 3869 2791 3936 fit
2826 3916 2849 3936 .
2922 3873 3003 3937 Et
3056 3873 3229 3948 item

209 3973 662 4046 communiter
711 3968 782 4035 in
835 3986 1130 4056 tempore
1183 3965 1632 4055 perspiciendo
1673 3966 2122 4057 longinquitas
2157 3964 2299 4042 ejus
2352 3961 2441 4031 est
2478 3966 2980 4039 confideranda·
3033 3976 3220 4049 Nam

208 4077 392 4165 saepe
432 4088 687 4162 oportet
731 4068 1097 4138 commetiri
1147 4088 1312 4137 cum
1357 4084 1658 4155 tempore
1707 4069 2060 4157 negotium
2092 4118 2116 4153 ,
2188 4066 2259 4135 δι
2318 4062 2541 4133 videte
2582 4118 2613 4153 ,
2680 4072 3042 4156 potueritne
3096 4092 3213 4145 aut

203 4172 614 4266 magnitudo
663 4172 906 4261 negotii
947 4223 968 4255 ,
1019 4184 1132 4237 aut
1185 4168 1542 4238 multitudo
1589 4188 1820 4236 rerum
1865 4170 1932 4233 in
1983 4190 2066 4235 eo
2115 4164 2385 4252 tranfigi
2436 4180 2781 4255 ternpore.-
2824 4172 3210 4243 Considera-

205 4298 326 4347 tur
383 4288 616 4345 autem·-
657 4290 922 4359 tempus
981 4272 1052 4340 δε
1107 4272 1263 4336 anni
1303 4322 1326 4353 ,
1379 4272 1450 4338 &
1509 4268 1750 4338 menfis
1785 4314 1818 4355 ,-
1858 4271 1930 4339 δι
1985 4266 2168 4352 diei,
2227 4267 2297 4337 &
2338 4264 2560 4356 ,noetis
2596 4314 2624 4355 5
2672 4272 2745 4341 δε
2802 4272 3083 4365 vigiliae,
3132 4276 3219 4349 δε

209 4379 394 4450 horae
429 4432 458 4463 ,
503 4380 574 4447 δε
633 4376 708 4443 in
757 4375 987 4461 aliqua
1034 4388 1218 4459 parte
1269 4370 1550 4447 alicuius
1601 4370 1891 4439 horum..
2730 4436 2741 4449 ,
2804 4440 2814 4451 ,
3202 4438 3211 4453 ,

311 4476 606 4547 XXVII..
666 4474 940 4544 oecafio
992 4486 1218 4541 autem
1266 4472 1358 4537 est
1408 4490 1556 4558 pars
1605 4470 1924 4558 temporis
1961 4521 1982 4554 ,
2031 4467 2282 4535 habens
2332 4464 2400 4533 in
2455 4466 2519 4537 se
2570 4474 2855 4552 alicujus
2912 4466 3018 4545 rei'
3060 4474 3213 4551 i'd‘o.

208 4564 823 4664 neam'faciendi-,
883 4592 998 4642 aut
1051 4594 1186 4639 non
1239 4572 1523 4641 faciendi
1575 4571 2132 4659 opportunitatem
2165 4617 2181 4635 .
2256 4574 2483 4653 Qare
2531 4593 2695 4642 cum
2744 4588 3031 4664 tempore
3079 4581 3205 4650 hoc

2840 4676 3116 4751 differt.-

211 4896 3209 4963 w

287 5070 459 5133 (⁶2)
509 5076 595 5127 Me
677 5076 766 5129 ναί
788 5082 820 5138 ).
853 5070 1192 5130 Fuscianum·
1217 5074 1256 5131 ri
1293 5074 1504 5138 audias,
1543 5076 1658 5130 nori
1763 5084 2124 5135 taceturnus,
2161 5066 2357 5125 meniis
2394 5064 2751 5133 mensurnus.
2788 5063 2873 5123 Sic
2908 5058 3064 5118 enim'
3090 5060 3202 5121 (Ἡ

221 5135 496 5217 Πὲΰβπῖζὶ
537 5178 555 5203 ,
663 5140 700 5199 d
736 5136 1017 5208 mensurni
1059 5144 1248 5216 legeris
1286 5185 1302 5201 .
1354 5137 1602 5223 Quercus
1633 5184 1656 5211 ,
1762 5160 1900 5201 cero
1928 5142 1988 5200 in
2025 5142 2207 5213 primo
2242 5138 2483 5199 Rhetor.
2520 5148 2777 5197 Muretus
2792 5170 2821 5191 .»

249 5225 363 5278 &lta
399 5226 562 5271 etlam
599 5232 864 5290 queamus,
893 5216 1110 5288 corylus
1146 5217 1442 5287 colurnus„
1473 5223 1662 5274 tacitus
