4359 6321
1146 528 2314 629 ORATOR.
2966 539 3157 672 387

251 658 254 661 ’
381 660 570 727 XXI.
626 650 771 719 Erit
819 653 1030 745 igitur
1081 654 1404 743 eloquens
1455 659 1481 737 (
1533 650 1718 719 hunc
1767 652 1948 721 enirn
1987 705 2011 739 ‚
2081 655 2353 727 austere
2404 653 2703 731 Antonio
2737 706 2761 747 ,
2836 666 3189 751 quaerimus
3250 676 3280 756 j

273 763 376 849 is,
425 760 540 849 qui
591 756 662 822 in
718 752 862 823 foro
911 751 1278 848 causisque}
1326 750 1636 823 civilibus
1702 754 1792 821 ita
1861 753 2038 823 dicet
2070 809 2096 843 ,
2159 772 2235 825 ut
2306 756 2539 849 proluet
2576 810 2597 846 ‚
2663 776 2739 830 ut
2792 760 3073 833 delestet
3112 820 3135 853 ‚
3200 784 3279 838 ut

271 861 557 931 flectat.
611 856 937 941 Probare,
989 854 1372 925 neceffitatis
1419 852 1568 923 est:
1619 852 1988 942 delectare,
2038 856 2439 931 suavitatis:
2507 860 2785 932 fle-aere
2826 916 2849 951 ,
2921 866 3209 935 vietor-iae
3261 914 3283 937 .

271 968 462 1034 Nam
513 958 582 1026 id
635 980 850 1027 unum
900 978 988 1027 ex
1043 956 1352 1025 omnibus
1399 956 1488 1025 ad
1540 956 1928 1027 obtinendas
1977 958 2202 1027 causas
2252 962 2451 1049 potest
2500 961 2899 1051 plurimum.
2954 966 3079 1035 Sed
3112 980 3284 1060 quet

275 1064 496 1134 officia
545 1062 863 1145 oratoris,
917 1076 1010 1127 tot
1067 1057 1218 1126 sunt
1269 1078 1514 1146 genera
1564 1057 1870 1127 dicendi.
1915 1056 2172 1129 Subtile
2225 1064 2294 1128 in
2346 1060 2681 1150 probando
2718 1120 2740 1154 ‚
2811 1068 3157 1139 modicum
3209 1072 3282 1139 in

277 1162 709 1248 deleaando,
755 1164 1120 1231 vehemens
1169 1138 1660 1253 inxflTestendo:
1715 1160 1786 1227 in
1835 1181 1968 1249 quo
2019 1184 2154 1235 uno
2206 1163 2308 1233 vis
2356 1166 2577 1232 omnis
2628 1171 2902 1237 oratoris
2948 1170 3078 1241 est.

380 1264 622 1354 Magni
677 1268 882 1355 igitur
937 1261 1073 1342 iudi
1122 1264 1210 1347 ·i,
1264 1261 1538 1333 summae
1587 1262 1790 1329 etiam
1841 1261 2172 1332 facultatis
2220 1264 2347 1333 effe
2399 1262 2647 1333 debebit
2694 1270 3072 1339 moderator
3121 1274 3282 1361 ille,

281 1374 356 1443 δι
416 1365 608 1459 quasi
659 1285 1315 1555 tempetffluius
1361 1364 1701 1453 tripartitae
1757 1363 2122 1433 varietatis.
2177 1368 2357 1434 Nam
2411 1368 2483 1435 &
2540 1366 2896 1456 judicabit,
2944 1374 3101 1461 quid
3138 1377 3280 1445 cui..

281 1492 414 1563 que
461 1488 634 1556 opus
687 1467 764 1536 fit
807 1494 828 1559 ς
1017 1466 1247 1552 poterit
1289 1518 1312 1551 ‚
1358 1484 1784 1556 quocumque
1831 1466 2038 1531 modo
2087 1464 2430 1554 postulabit
2482 1468 2679 1537 causa
2722 1519 2745 1554 ,
2811 1468 3030 1539 dicere
3067 1522 3085 1539 .
3156 1476 3283 1542 Sed

274 1576 370 1645 est
420 1570 808 1658 eloquentiae
807 1556 1068 1736 gsficut
1121 1568 1534 1659 reliquarum
1585 1586 1816 1635 rerum
1853 1618 1876 1652 ‚
1927 1566 2443 1635 fundamentum
2480 1618 2501 1653 ‚
2548 1568 2899 1660 sapientia.
2953 1576 3051 1641 Ut
3098 1577 3283 1644 enim

275 1676 348 1743 in
401 1672 536 1737 vita
566 1723 588 1757 ‚
640 1669 726 1737 fic
762 1694 806 1769 y
899 1669 1245 1756 oratione,
1299 1669 1464 1738 nihil
1515 1668 1610 1737 est
1661 1666 2055 1755 difficilium,
2103 1686 2309 1758 quam
2346 1720 2371 1755 ,
2412 1668 2573 1758 quid
2622 1670 2853 1739 deceat
2894 1724 2919 1757 ‚
2984 1670 3207 1749 videre
3260 1722 3283 1745 .

161 1767 172 1777 ’
273 1772 512 1860 Πρέποι
565 1770 898 1863 appellant
949 1772 1074 1839 hoc
1127 1772 1343 1840 Graeci
1383 1796 1403 1840 z
1455 1792 1580 1841 nos
1627 1769 1926 1839 dicamus
1978 1768 2129 1837 sane
2179 1768 2529 1839 decorum.
2587 1772 2691 1839 De
2740 1791 2873 1858 quo
2926 1778 3283 1865 praeclare,

279 1879 353 1949 &
415 1874 632 1942 multa
683 1874 1192 1963 praecipiuntur‚
1247 1874 1320 1943 &
1374 1894 1484 1942 res
1533 1872 1626 1942 est
1673 1873 2052 1962 cognitione
2101 1871 2473 1963 digniffima
2508 1918 2526 1938 .
2582 1870 2808 1949 Hujus
2860 1873 3285 1961 ignoratione

273 2000 414 2047 non
453 1974 663 2043 modo
711 1975 793 2042 in·
836 1978 1011 2062 vita,
1063 1972 1170 2043 sed
1227 1972 1557 2063 saepiffime
1607 1976 1680 2045 δε
1735 1976 1804 2043 in
1855 1975 2216 2064 poematis,
2268 1976 2337 2044 &
2392 1976 2484 2075 2³²¹
2536 1971 2832 2043 oratione
2894 1991 3210 2065 peccatur
3256 2022 3280 2043 .

272 2078 386 2147 Est
441 2094 708 2163 autem,
751 2075 912 2165 quid
965 2075 1196 2145 deceat
1237 2127 1262 2165 ‚
1311 2076 1559 2145 oratori
1610 2073 1974 2145 videndum
2016 2130 2039 2162 ‚
2106 2096 2243 2143 non
2290 2076 2363 2145 in
2432 2073 2769 2145 sententiis
2816 2072 3032 2145 solum
3074 2130 3097 2164 ‚
3166 2076 3279 2147 sed

271 2181 482 2249 etiam
531 2181 599 2247 in
651 2178 909 2247 verbis·
961 2179 1116 2243 Non
1165 2180 1346 2246 enim
1399 2177 1620 2247 omnis
1671 2178 1936 2247 fortuna
1975 2232 1998 2266 ,
2047 2198 2183 2245 non
2235 2178 2453 2247 omnis
2500 2178 2714 2247 honos
2752 2226 2775 2263 ,
2846 2192 3010 2247 non·
3058 2182 3279 2249 omnis

271 2280 631 2349 auctoritas
671 2332 694 2367 ‚
765 2299 906 2349 non
979 2280 1200 2351 omnis
1266 2297 1420 2349 aetas
1455 2334 1478 2368 ‚
1551 2300 1675 2349 nec
1733 2300 1892 2349 vero
1939 2278 2126 2357 locus
2161 2332 2187 2367 ‚
2250 2298 2365 2349 aut
2433 2296 2693 2369 tempus
2734 2328 2758 2364 ‚
2828 2295 2944 2347 aut
3012 2278 3275 2349 auditor

269 2384 534 2469 omnm,
581 2380 813 2451 eodem
865 2397 979 2449 aut
1038 2381 1396 2453 verborum
1444 2402 1686 2473 genere
1733 2379 2122 2453 tractandus
2165 2380 2300 2470 est,
2350 2398 2469 2453 aut
2522 2379 2995 2457 sententiarum
3034 2406 3053 2450 τ
3108 2381 3279 2451 Iem-

269 2503 524 2575 perque
573 2483 642 2551 in
697 2483 884 2552 omni
934 2498 1114 2573 parte
1167 2485 1486 2553 orationis
1525 2537 1547 2571 ‚
1599 2502 1673 2563 ut
1728 2486 1917 2571 vitae,
1967 2482 2154 2575 quid·
2183 2482 2403 2553 deceat
2444 2534 2468 2570 ‚
2512 2482 2607 2551 est
2661 2480 3209 2553 considerandum
3250 2508 3273 2551 z

267 2587 450 2675 quod
505 2586 574 2655 &
633 2586 706 2653 in
756 2606 826 2652 re
867 2635 891 2669 ,
939 2585 1020 2653 de
1067 2605 1200 2676 qua
1249 2587 1473 2677 agitur
1515 2638 1540 2672 ,
1585 2590 1868 2675 politum
1915 2586 2059 2672 est,
2108 2587 2181 2655 δι
2238 2587 2307 2653 in
2360 2584 2650 2675 personis
2698 2586 3107 2671 &‘eorum‚
3156 2584 3273 2674 qui

271 2679 558 2782 dicunt'g,
607 2688 676 2756 ὃς
733 2706 968 2755 eorum
1006 2740 1028 2773 ,
1078 2689 1194 2778 qui
1248 2689 1524 2757 audiunt
1563 2736 1582 2753 .
1633 2693 1868 2778 Itaque
1915 2686 2099 2755 hunc
2151 2689 2425 2773 locum,
2476 2688 2681 2775 longe
2731 2690 2800 2757 &
2860 2688 2995 2754 late
3044 2702 3272 2773 paten-

269 2804 458 2875 tem,
505 2785 871 2875 philosophi
927 2789 1142 2857 solent
1193 2790 1262 2857 in
1317 2790 1547 2857 officiis
1595 2789 1876 2858 tractare
1915 2842 1940 2875 ,
1987 2800 2013 2875 (
2071 2808 2207 2857 non
2266 2810 2421 2857 cum
2474 2786 2553 2855 de
2622 2786 2805 2857 recto
2857 2784 2993 2876 ipso
3058 2782 3274 2873 dispu-

268 2903 416 2955 tant
455 2915 482 2976 ς
537 2906 700 2954 nam
753 2889 818 2955 id
867 2890 1138 2978 quidem
1187 2912 1408 2959 unum
1453 2892 1550 2959 est
1595 2901 1630 2975 J
1677 2890 2096 2979 grammatici
2149 2890 2217 2957 in
2268 2892 2473 2977 poetis
2511 2944 2526 2973 ‚
2566 2882 2958 2979 'e1oquentes
3000 2888 3073 2956 in
3126 2906 3276 2955 orn-

264 2988 337 3054 ni
393 2990 464 3059 &
521 3008 766 3079 genere
817 2990 890 3058 δι
946 3008 1128 3078 parte
1175 2991 1537 3061 causarum
1577 3039 1596 3058 .
1667 2995 1894 3073 Qam
1961 2992 2144 3059 enim
2188 2989 2601 3059 indecorum
2650 2991 2748 3057 est
2781 3041 2806 3076 ,
2876 2989 2965 3058 de
3016 2976 3271 3057 stillicii-
3388 2986 3423 3012 ⁶

264 3088 396 3157 diis
443 3112 605 3160 cum
653 3089 827 3183 apud
879 3112 1096 3164 unum
1145 3091 1438 3173 iudicem
1487 3089 1670 3159 dicas
1706 3143 1729 3180 ‚
1781 3091 2194 3182 ampliffimis
2244 3091 2464 3162 verbis
2514 3144 2539 3178 ‚
2591 3092 2662 3160 ὅ(
2718 3090 2884 3159 locis
2932 3090 3033 3160 uti
3081 3111 3271 3158 com-

264 3193 639 3286 munibus-2
687 3193 770 3260 de
817 3195 1155 3272 majestate
1203 3197 1432 3282 populi
1485 3195 1778 3264 Romani
1827 3193 2157 3264 summiffe
2229 3195 2299 3264 δε
2374 3191 2693 3267 subtiliter
2733 3196 2765 3261 ἓ
2836 3194 2971 3262 Hic
3024 3212 3269 3282 genere

263 3305 440 3357 toto.

370 3391 595 3458 xxn.
648 3390 744 3456 At
793 3387 1063 3478 persona
1113 3391 1228 3457 alii
1279 3405 1554 3480 peccant
1589 3443 1618 3478 ,
1685 3409 1800 3460 aut
1852 3390 1970 3458 sua
2005 3443 2026 3475 ‚
2096 3404 2211 3457 aut
2283 3391 2585 3466 iudicum
2622 3442 2651 3476 ,
2713 3408 2831 3458 aut
2898 3393 3101 3460 etiam
3152 3391 3269 3456 ad-

266 3490 720 3560 versariorum
753 3513 777 3553 .·
829 3511 954 3559 nec
1002 3511 1074 3559 re
1127 3491 1386 3579 solum,
1433 3490 1541 3560 sed
1592 3489 1751 3582 saepe
1805 3491 2048 3586 verbol:
2101 3488 2220 3558 etsi
2275 3490 2411 3558 fine
2460 3511 2534 3557 re
2554 3488 2741 3558 nulla
2762 3490 2863 3556 vis
2886 3491 3071 3559 verbi
3120 3489 3261 3577 est,

267 3611 494 3662 tamen
543 3593 800 3662 eadem·
829 3613 934 3659 res
985 3592 1144 3684 saepe
1197 3609 1308 3662 aut
1364 3595 1675 3684 probatur
1714 3611 1906 3681 ,taut
1956 3591 2251 3671 rejicitur
2284 3641 2313 3677 ,
2372 3589 2511 3660 alio
2545 3643 2573 3679 ‚
2630 3605 2830 3682 atque
2900 3591 3039 3660 alio
3078 3591 3265 3662 etam

267 3694 512 3764 verbo.

371 3799 456 3863 In
509 3791 954 3886 omnibusque
994 3793 1190 3864 rebus
1254 3793 1626 3866 videndum
1673 3797 1772 3865 est
1804 3849 1826 3882 ,
1891 3807 2221 3886 quatenus
2258 3839 2283 3860 .
2351 3793 2487 3860 Etsi
2555 3793 2739 3864 enim
2812 3791 2975 3862 suus
3018 3792 3266 3883 cuique

263 3895 516 3965 modus
564 3895 696 3984 est,
744 3886 968 3966 tamen
1021 3896 1244 3987 magis
1289 3895 1556 3966 offendit
1606 3897 1890 3967 nimium
1929 3951 1952 3986 ,
2015 3915 2223 3986 qnam
2288 3917 2521 3985 parum
2558 3943 2579 3964 .
2647 3897 2729 3962 In
2776 3915 2921 3986 quo
2984 3894 3275 3983 Apelles

261 3996 552 4088 pistores
599 4018 860 4090 quoque
907 4018 1022 4066 eos
1071 4017 1340 4087 peccare
1403 3996 1658 4094 dicebat
1695 4051 1718 4086 ‚
1784 4002 1900 4089 qui
1969 4019 2102 4066 non
2157 3995 2474 4066 sentirent
2521 4047 2548 4087 ,
2608 3997 2769 4090 quid
2834 3995 2985 4064 effer
3036 3993 3190 4063 satis
3240 4041 3267 4062 .

265 4099 572 4188 Magnus
619 4101 767 4169 esser
819 4099 1012 4167 locus
1057 4101 1166 4168 hic
1217 4151 1244 4184 ,
1284 4103 1535 4186 Brute,
1581 4103 1760 4192 quod
1815 4118 1879 4168 te
1927 4120 2064 4166 non
2121 4097 2299 4187 fugit
2338 4152 2362 4185 ,
2430 4101 2497 4170 δε
2558 4119 2889 4189 magnum
2938 4099 3265 4166 volumen

268 4199 458 4274 aliud
507 4200 868 4270 desiderat.
917 4199 1044 4268 Sed
1098 4201 1177 4268 ad
1231 4201 1298 4268 id
1334 4252 1363 4288 ,
1403 4199 1590 4293 quod
1659 4206 1884 4292 agitur
1923 4253 1952 4288 ‚
2013 4199 2190 4269 illud
2266 4198 2416 4266 satis
2457 4226 2481 4268 t
2549 4222 2718 4272 cum
2763 4202 2890 4271 hoc
2960 4199 3187 4268 decere
3230 4253 3263 4288 ,

265 4300 452 4391 quod
501 4300 756 4395 semper
807 4301 1208 4391 usurpamus
1278 4303 1350 4370 in
1415 4305 1730 4370 omnibus
1795 4303 1990 4374 diffis
2063 4303 2136 4373 δε
2213 4299 2407 4372 factis
2442 4355 2467 4390 ,
2514 4304 2810 4373 minimis
2846 4355 2871 4388 ‚
2920 4302 2995 4372 ὃ(
3048 4300 3267 4368 maxi·

269 4404 456 4493 mis;¹
507 4426 666 4474 cum
718 4405 894 4494 hoc,
939 4402 1258 4497 inquam,
1304 4403 1535 4471 decere
1585 4403 1927 4501 dicimus&
1957 4403 2125 4472 illud
2175 4423 2313 4470 non
2362 4400 2633 4490 decere,
2682 4408 2751 4476 ὅ(
2808 4403 2874 4473 id
2897 4400 3269 4492 usquequa-
3348 4397 3355 4406 ’

267 4525 400 4595 que
437 4557 462 4592 ,
525 4522 858 4600 quantum
913 4504 994 4573 fit
1031 4557 1057 4593 ‚
1121 4519 1424 4595 appareat
1460 4525 1490 4566 .-
1557 4503 1627 4572 in
1698 4505 1956 4596 alioque
2028 4521 2317 4594 ponatur
2363 4555 2390 4588 ,
2460 4507 2783 4596 aliudque
2853 4520 3075 4573 totu-m
3144 4501 3267 4590 fit,

274 4622 513 4677 utrum
563 4612 830 4694 decere,
873 4629 962 4675 an
1012 4624 1290 4696 oportere
1341 4605 1560 4676 dicas.
1617 4606 1942 4695 oportere
1993 4604 2172 4674 enim
2214 4656 2237 4692 ‚
2285 4603 2756 4694 perfeftionem
2822 4605 3110 4674 declarat
3161 4603 3267 4673 of-

271 4707 407 4777 ficii
435 4757 458 4794 ,
503 4729 641 4797 quo
689 4711 762 4780 δι
821 4707 1072 4798 semper
1125 4705 1453 4777 utendum
1505 4704 1642 4793 est,
1689 4708 1763 4779 δι
1819 4705 2136 4780 omnibus
2167 4729 2197 4771 .-
2247 4707 2519 4795 decere,
2566 4707 2749 4800 quali
2800 4725 3032 4798 aptum
3071 4705 3204 4778 effe
3240 4755 3267 4794 ,

273 4807 931 4900 consentaneumque
979 4811 1321 4902 tempori,
1370 4813 1442 4884 &
1499 4806 1825 4899 personae:
1873 4809 2049 4900 quod
2100 4829 2263 4878 cum
2314 4810 2383 4876 in
2437 4809 2629 4880 fastis
2678 4809 3007 4902 fiepiffime
3040 4865 3065 4899 ,
3110 4826 3267 4878 tum

256 4911 344 4978 in
399 4907 590 4980 distis
640 4908 866 4996 valet,
907 4909 981 4978 fn
1031 4913 1228 4982 vultu
1281 4908 1606 5004 denique,
1658 4911 1729 4982 ἀ
1786 4909 2014 5000 gestu,
2065 4911 2138 4985 ac
2194 4911 2479 4980 incessu.-
2530 4931 2893 5007 contraque
2940 4916 3101 4984 item
3150 4910 3268 4980 de-

272 5008 558 5079 decere.
609 5011 812 5096 Quod
863 5009 918 5078 fi
964 5029 1150 5102 poeta
1205 5013 1426 5105 fugit,
1473 5029 1554 5086 ut
1603 5015 1981 5084 maximum
2031 5017 2320 5101 vitium,
2366 5013 2481 5105 qui
2534 5033 2760 5104 peccat
2811 5020 3060 5103 etiarn,
3104 5015 3286 5083 cum*

278 5109 572 5204 probam
619 5113 998 5184 orationem
1044 5113 1304 5208 affingit
1354 5116 1652 5207 improbo
1688 5169 1716 5205 ,
1759 5115 2036 5188 stultove
2086 5113 2433 5207 sapientis:
2487 5117 2536 5184 fi
2589 5117 2872 5210 denique
2918 5115 3125 5207 pistor
3190 5113 3275 5184 il·

2167 5222 2335 5285 Ccc
2442 5241 2485 5284 z
3096 5215 3164 5288 le
