4359 6321
1205 478 1384 594 '1'7‘2
1860 392 3259 558 ‘DEORATORE

1075 610 1152 667 ut
1205 614 1290 662 ne
1341 588 1491 685 quis
1546 582 1712 655 auus
1765 585 1966 674 adsit,
2019 607 2152 676 quo
2206 582 2467 653 liberius
2520 582 2830 749 lossuatur
2872 607 2893 669 ;-
2947 583 3016 651 δε
3074 600 3271 667 agere
3322 577 3675 648 adversarii
3728 588 4005 661 caulam
4064 643 4098 683 ,

1077 715 1156 767 ut
1207 692 1319 763 ille
1371 704 1524 780 agat
1579 687 1773 765 suam
1811 743 1834 775 ‚
1885 692 1956 758 δε
1997 740 2022 773 ,
2076 683 2394 783 quidquid
2444 682 2523 751 de
2610 704 2693 751 ua
2748 704 2816 751 re
2869 682 3220 770 cogitarit,
3270 680 3341 747 in
3390 679 3695 750 medium
3748 692 4091 776 proferat,

1066 802 1318 886 Jtaque
1369 813 1528 861 cum
1581 791 1693 861 illc
1739 788 2058 874 discessit,
2110 802 2244 853 tres
2296 780 2607 874 personas
2659 804 2834 857 unus
2892 782 3173 850 sustineo
3224 780 3490 851 summa
3544 788 3755 853 animi
3806 797 4093 884 aequita-

1077 916 1189 984 te,
1242 916 1509 980 meam,
1561 889 1976 977 adversarii,
2037 888 2304 968 judicis.
2369 887 2505 972 Qi
2560 886 2746 955 locus
2795 884 2888 951 est
2942 882 3093 953 talis
3130 932 3151 967 ‚
3222 898 3298 950 ut
3368 888 3523 972 plus
3590 886 3823 959 babeat
3892 895 4091 972 adju..

1081 1000 1356 1085 menti,
1409 1014 1614 1087 quam
1669 991 2111 1074 incommodi,
2159 988 2341 1059 hunc
2395 986 2619 1068 judico
2666 987 2788 1053 effe
2836 982 3229 1053 dicendum:
3282 983 3395 1053 ubi
3446 988 3595 1075 plus
3614 994 3823 1082 mali,
3876 1016 4089 1087 quam

1081 1101 1233 1171 boni
1286 1100 1580 1187 reperiO,
1635 1096 1698 1163 id
1749 1087 1966 1163 totum
2021 1088 2322 1168 abiudico
2388 1106 2582 1179 atque
2652 1088 2843 1168 ejicio
2879 1136 2895 1151 .
2973 1088 3074 1153 Ita
3150 1085 3443 1175 assequor
3498 1142 3520 1177 ,
3590 1108 3663 1159 ut
3734 1096 3861 1163 alio
3910 1115 4089 1171 tem-

1075 1222 1242 1292 pore
1291 1202 1580 1288 cogitem
1617 1250 1639 1281 ,
1690 1195 1846 1285 quid
1897 1194 2164 1279 dicam,
2218 1196 2286 1263 δε
2346 1191 2475 1259 alio
2524 1190 2796 1264 dicam:
2876 1210 3017 1280 quae
3068 1186 3203 1259 duo
3260 1192 3559 1283 plerique
3628 1194 3897 1284 ingenio
3948 1202 4086 1269 fre-

1079 1308 1168 1389 ti,
1221 1300 1414 1371 fimul
1475 1300 1729 1367 faciunt
1767 1346 1784 1365 .
1839 1296 1964 1364 Sed
2015 1309 2193 1370 certe
2248 1293 2450 1361 iidem
2520 1291 2621 1362 illi
2688 1291 2931 1361 melius
2980 1289 3317 1379 aliquanto
3364 1293 3659 1362 dicerent
3694 1347 3717 1382 ,
3784 1296 3861 1364 fi·
3896 1302 4085 1373 aliud

1077 1400 1478 1473 sumendum
1533 1400 1646 1467 fibi
1695 1416 1951 1487 tempus
2001 1397 2088 1465 ad
2141 1397 2616 1485 cogitandum,
2688 1394 2866 1463 aliud
2918 1392 3000 1459 ad
3051 1392 3410 1461 dicendum
3462 1412 3767 1485 putarent
3809 1448 3824 1465 .
3896 1408 4086 1472 Cum

1081 1524 1226 1574 rem
1277 1505 1537 1591 penitus
1587 1501 1987 1588 causamque
2034 1500 2319 1587 cognovi
2360 1550 2380 1584 ,
2450 1498 2665 1565 statim
2714 1496 3000 1565 occurrit
3050 1499 3320 1582 animo,
3371 1522 3513 1588 quae
3564 1498 3641 1566 fit
3690 1500 3891 1573 causa
3938 1526 4083 1575 am.

1079 1605 1317 1692 bigni.
1397 1601 1582 1667 Nihil
1635 1601 1727 1668 est
1776 1604 1957 1669 enim
2000 1651 2021 1685 ,
2091 1602 2269 1690 quod
2339 1600 2505 1666 inter
2570 1600 2871 1667 homines
2930 1593 3357 1686 ambigatur:
3434 1600 3567 1669 five
3637 1622 3719 1668 ex
3794 1607 4085 1675 crimine

1079 1706 1281 1775 caula
1331 1700 1621 1790 constet,
1673 1721 1747 1769 ut
1802 1702 2108 1770 facinoris
2133 1728 2162 1769 z·
2208 1701 2341 1769 five
2408 1722 2493 1767 ex
2560 1698 3071 1783 controversia,
3142 1716 3215 1767 ut
3287 1700 3711 1770 hereditatis:
3784 1705 3920 1771 five
3992 1730 4083 1773 ex

1018 1889 1028 1898 .
1082 1805 1548 1876 deliberatione
1588 1857 1609 1891 ,
1677 1820 1754 1875 ut
1807 1803 1957 1871 belli
2003 1830 2020 1870 ι
2076 1805 2209 1873 five
2260 1826 2343 1871 ex
2397 1803 2673 1890 persona
2715 1858 2735 1891 ,
2785 1817 2861 1871 ut
2910 1798 3127 1867 laudis
3170 1824 3185 1864 ε
3258 1800 3393 1869 five
3441 1822 3522 1869 ex
3575 1802 4010 1891 disputatione
4068 1864 4103 1896 ,‚

1088 1926 1165 1979 ut
1217 1906 1299 1976 de
1355 1907 1606 1973 ratione
1655 1904 1969 1975 vivendi:
2027 1908 2096 1973 in
2151 1928 2285 1996 quo
2337 1928 2471 1971 non
2531 1911 2643 1973 'aut
2694 1900 2853 1995 quid
2906 1902 3160 1969 facturn
3210 1902 3324 1989 fit,
3376 1917 3487 1972 aut
3538 1904 3693 1992 fiat,
3744 1905 4093 1975 futurum-

1085 2030 1167 2077 ve
1223 2008 1348 2093 fit,
1398 2025 1770 2098 quaeratur,
1821 2024 1932 2075 aut
1986 2010 2183 2097 quale
2236 2010 2360 2092 fit,
2404 2024 2520 2073 aut
2573 2006 2733 2097 quid
2794 2024 3102 2074 vocetur.
3762 2060 3775 2071 .

1191 2112 1407 2175 XXV.
1465 2114 1565 2177 Ac
1619 2108 1847 2176 nostrae
1903 2110 2036 2175 fere
2091 2108 2342 2193 causae,
2392 2130 2535 2197 quae
2586 2108 2864 2199 quidem
2921 2107 3069 2175 sunt
3122 2107 3525 2193 criminum,
3576 2110 4087 2199 plerumquein-

1087 2209 1416 2283 ficiatione
1474 2208 1963 2278 defenduntur.
2020 2214 2199 2277 Nam
2251 2213 2321 2279 δε
2381 2210 2463 2277 de
2516 2212 2807 2297 pecuniis
2863 2206 3281 2297 repetundiS,
3334 2232 3475 2298 quae
3528 2214 3841 2278 maximae
3898 2213 4084 2302 sunt,

1087 2312 1402 2399 neganda·
1447 2312 1588 2379 fere
1633 2304 1791 2381 Tunt
1844 2314 2066 2383 omnia
2111 2337 2127 2376 ε
2182 2314 2251 2381 &
2312 2312 2396 2378 de
2452 2310 2705 2379 ambitu
2756 2331 2908 2378 raro
2960 2312 3129 2377 illud
3182 2312 3379 2375 datur
3417 2364 3437 2397 ,
3488 2328 3563 2379 ut
3615 2313 3815 2400 poffis-
3858 2312 4087 2381 libera-

1084 2414 1348 2479 litatem
1399 2434 1478 2481 ac
1530 2412 2008 2501 benignitatem
2059 2412 2140 2477 ab
2196 2408 2441 2476 ambitu
2500 2427 2698 2500 atque
2751 2412 3103 2498 largitione
3158 2410 3503 2499 sejungere
3544 2463 3559 2479 .
3614 2418 3721 2487 De
3774 2414 4012 2485 ficariis
4064 2468 4086 2501 ,

1082 2514 1160 2579 de
1221 2514 1606 2597 veneficiis,
1657 2512 1737 2578 cle
1789 2512 2140 2599 peculatu,
2194 2510 2471 2576 inficiari
2528 2512 2771 2579 necess‘e
2823 2514 2947 2580 est.
3008 2514 3083 2580 Id
3142 2512 3233 2579 est
3286 2514 3488 2601 igitur
3540 2537 3753 2605 genus
3790 2518 4089 2605 primum

1085 2611 1438 2681 causarum
1495 2612 1563 2675 in
1623 2612 1919 2698 iudiciiS,
1968 2632 2049 2678 ex
2105 2611 2551 2681 controversia
2610 2613 2765 2681 faEti
2806 2664 2821 2679 .
2899 2618 2985 2681 In
3052 2610 3620 2686 deliberationibus
3696 2618 4089 2708 pler-umque

1085 2735 1170 2781 ex
1227 2712 1438 2781 futuri
1480 2763 1500 2796 ,
1553 2730 1711 2777 raro
1759 2716 1962 2781 etiam
2017 2732 2100 2779 ex
2153 2712 2447 2789 instantis
2498 2730 2613 2782 aut
2674 2715 2865 2781 facti.

1196 2816 1374 2899 Saepe
1425 2828 1652 2879 autem
1703 2834 1811 2879 res
1851 2835 2027 2897 non,
2081 2814 2199 2901 fit,
2250 2835 2496 2899 necne,
2549 2814 2672 2881 sed.
2705 2816 2922 2901 qualis
2974 2812 3089 2896 sit,
3144 2816 3511 2901 quaeritur:·
3544 2832 3622 2885 ut
3672 2839 3829 2883 cum
3884 2825 4095 2903 (38)

1094 2920 1172 2986 L·
1228 2914 1482 3001 Opimii
1536 2909 1807 2979 causa-m
1860 2913 2246 2981 defendebat
2300 2912 2472 3002 apud
2526 2916 2844 3003 populum
2886 2964 2907 2995 ,
2958 2914 3264 2979 audiente
3317 2935 3423 2979 me
3461 2966 3477 2997 ,
3532 2922 3603 2981 C.
3658 2916 3875 2981 Carbo
3932 2942 4097 2985 con-

1097 3014 1244 3096 stil,
1295 3014 1460 3077 nihil
1515 3010 1599 3079 de
1651 3016 1728 3077 C.·
1783 3016 2074 3081 Gracchi
2151 3037 2309 3082 nece
2360 3016 2699 3104 negabat3
2778 3012 2882 3079 sed
2940 3014 3001 3079 id
3080 3016 3223 3091 iure
3276 3035 3394 3100 pro
3447 3013 3654 3081 salute
3724 3021 3939 3101 patriae
3998 3020 4100 3082 fa-

1101 3114 1290 3184 Etum
1338 3114 1456 3180 effe
1509 3110 1820 3204 dicebat,
1872 3135 1944 3184 ut
1999 3114 2214 3185 eidem
2265 3114 2552 3185 Carboni
2605 3116 2868 3183 tribuno
2919 3113 3121 3202 plebis
3176 3116 3304 3182 alia
3358 3131 3506 3183 tum
3558 3133 3777 3184 mente
3831 3138 4103 3205 rempu—

1099 3215 1340 3286 blicam
1391 3216 1732 3304 capessenti
1792 3223 1858 3282 P.
1915 3217 2286 3284 Africanus
2356 3218 2435 3284 de
2506 3215 2651 3284 Tib.
2726 3217 3037 3284 Graccho
3105 3217 3534 3304 interroganti
3606 3218 4020 3304 respon-:ierat
4080 3274 4099 3304 ,

1106 3317 1250 3394 jure
1301 3314 1542 3390 caesum
1596 3317 1842 3392 videri.
1895 3321 2051 3396 Jure
2105 3335 2329 3389 autem
2380 3321 2610 3386 omnia
2660 3318 3151 3400 defenduntur,
3204 3341 3348 3407 quae
3400 3318 3550 3385 sunt
3600 3320 3743 3396 ejus
3798 3324 4100 3409 gene1·iS,

1105 3433 1180 3486 ut
1231 3435 1343 3488 aut
1393 3419 1792 3506 oportuerit,
1843 3433 1922 3485 ut·
1971 3419 2280 3504 licuerit,
2336 3436 2451 3488 aut
2500 3419 2745 3486 neceffe
2794 3419 3034 3503 fuerit,
3088 3437 3199 3486 aut
3255 3421 3692 3510 imprudentia
3736 3473 3754 3508 ,
3827 3439 4107 3488 autca-

1107 3523 1178 3588 su
1235 3519 1408 3586 faeta
1463 3519 1582 3586 effe
1633 3517 2023 3588 videantur.

1209 3622 1363 3698 Jam
1414 3619 1573 3710 quid
1630 3639 1896 3694 vocetur
1945 3672 1966 3705 ,
2035 3621 2349 3709 quaeritur
2391 3674 2414 3709 ,
2482 3643 2654 3689 cum.
2693 3677 2712 3711 ,
2783 3642 2915 3712 quo
2970 3619 3166 3688 verbo
3219 3622 3373 3712 quid
3424 3621 3893 3712 appellandum
3948 3621 4023 3688 fit
4083 3677 4108 3707 ,

1113 3719 1529 3786 contenditur
1569 3743 1588 3780 ε
1661 3736 1732 3784 ut
1784 3721 1946 3788 mihi
2021 3722 2133 3808 ipsi
2184 3743 2363 3790 cum.
2396 3722 2525 3789 hoc
2582 3725 2875 3810 Sulpicio
2948 3721 3072 3789 fuit
3154 3727 3221 3788 in
3274 3736 3477 3813 (39)
3536 3725 3834 3792 Norbani
3900 3721 4106 3796 causa

1120 3823 1392 3888 summa-
1427 3820 1766 3888 contentio
1807 3867 1822 3888 .
1897 3822 2219 3912 Pleraque
2265 3823 2446 3889 enim
2500 3823 2578 3890 de
2638 3825 2713 3890 iis
2752 3874 2773 3908 ,
2845 3843 2985 3910 quae
3041 3819 3125 3887 ab
3177 3821 3292 3887 isto
3342 3822 3813 3898 objiciebantur
3852 3879 3873 3912 ,
3946 3845 4115 3893 cum

1116 3921 1788 4003 confiterer,‚tamen
1840 3919 1920 3990 ab
1976 3920 2092 3989 illo
2155 3923 2566 4001 majestatem
2619 3924 3049 3992 imminutam
3099 3917 3482 4016 negabam3:
3560 3943 3644 3990 ex
3717 3948 3847 4013 quo
3900 3924 4117 3994 verbo

1117 4025 1268 4112 lege
1324 4020 1625 4110 Apuleia·
1663 4037 1798 4089 tota
1849 4023 1966 4090 illa
2015 4022 2213 4091 causa
2270 4022 2647 4115 pendebat..

3880 4127 4007 4189 At-

1147 4277 4128 4352 Μ

1152 4437 1162 4444 ·
1203 4415 1366 4484 (38)
1429 4421 1492 4470 L.
1545 4419 1751 4488 opimii
1806 4416 2035 4490 causam
2065 4425 2094 4484 )
2149 4423 2325 4479 Anno
2374 4419 2459 4479 U.
2498 4420 2573 4478 C.
2677 4419 2753 4478 C.
2791 4417 3076 4476 Norbanus
3103 4459 3121 4484 ‚
3185 4415 3331 4490 quod
3365 4413 3617 4495 ‘tibunys
3669 4413 3840 4494 Plebis
3879 4418 3951 4490 Q·
3989 4417 4130 4496 ‚5¹5st

1129 4479 1646 4565 DCXXXI11.„L.
1699 4489 1984 4560 Opimius}
2021 4491 2214 4548 consul
2265 4491 2341 4547 C.
2398 4496 2575 4550 Grac-
2680 4489 2877 4547 vilium
2916 4490 3249 4562 Caepioncm
3284 4508 3312 4544 a
3349 4488 3589 4545 Cimbris
3629 4488 3848 4565 victum·
3885 4485 4129 4544 seditio-

1135 4550 1299 4612 chum
1335 4571 1396 4610 m
1437 4574 1588 4612 tertii
1629 4558 1924 4618 tribunatus
1959 4563 2132 4632 plebis
2169 4560 2445 4632 petitione
2482 4581 2575 4618 re-
2675 4561 2742 4618 fis
2792 4559 3143 4620 concionibus
3192 4563 3333 4620 ultra
3382 4559 3607 4617 modum
3660 4557 3891 4615 vexassct
3923 4599 3940 4624 ³
3996 4579 4126 4616 reus

1131 4623 1348 4696 pulsum
1371 4661 1389 4692 ,
1424 4645 1480 4682 ac
1522 4629 1634 4683 vim
1667 4648 1948 4702 parantem
1987 4631 2256 4704 oppreffit
2288 4672 2304 4689 .
2344 4631 2575 4691 Consu·
2676 4631 3017 4701 majestatis-a
3074 4638 3135 4692 P.
3172 4630 3415 4704 Sulpicio
3450 4628 3599 4690 Rufo
3634 4632 3839 4698 juvene
3872 4632 4128 4700 peractus

1139 4695 1249 4754 latu
1287 4697 1632 4770 perfunditis,
1670 4719 1697 4754 a
1737 4705 1796 4758 P.
1811 4702 1991 4758 Decio
2031 4704 2252 4760 tribuno
2287 4703 2459 4776 plebis
2490 4725 2573 4762 ac·
2678 4703 2787 4762 est.
2828 4704 3089 4761 Hominis
3128 4701 3494 4764 nocentissimi
3527 4701 3733 4758 causam
3772 4698 4007 4775 suscepit
4038 4706 4128 4761 M.

1133 4766 1452 4848 casatus-est
1489 4769 1808 4839 majestatis,
1862 4774 2008 4844 quod
2041 4776 2191 4832 cives
2229 4775 2567 4833 indemnatos
2674 4777 2956 4834 Antonius
2994 4781 3103 4846 ejus
3138 4776 3275 4835 olim
3312 4773 3582 4848 quaestor,
3620 4779 3677 4830 ὅ(
3712 4791 3829 4830 tum
3847 4772 4129 4846 eloquen-

1133 4840 1438 4898 occidiflet:
1477 4859 1672 4899 verum
1702 4863 1727 4900 a
1763 4845 1838 4902 C.
1855 4846 2112 4904 Carbone
2140 4844 2425 4914 defensus,
2458 4847 2572 4906 fre-
2676 4849 2749 4904 tia
2784 4845 2873 4906 sua
2902 4887 2920 4914 ‚
2958 4865 3077 4906 tum
3124 4849 3286 4906 etiam
3322 4845 3561 4918 equitum
3600 4841 3785 4902 f²V⁰fe
3836 4843 4125 4904 &mum-t·

1135 4910 1422 4982 quentibus
1461 4910 1716 4986 suffragiis
1753 4915 1830 4973 est
1871 4915 2124 4976 absolutis
2151 4959 2168 4986 ‚
2209 4922 2363 4976 Livii
2399 4925 2564 4993 epiro·
2674 4919 2765 4978 De
2800 4915 2905 4978 hoc
2938 4919 3146 4992 judicio
3182 4920 3429 5004 pluribus
3466 4917 3611 4978 infra
3646 4923 3865 4990 cap-48.
3906 4917 4121 4979 differit

1138 5001 1224 5038 me
1263 4987 1373 5040 &c..
1408 4986 1693 5056 Frustem.
2167 5023 2172 5030 ·
2676 4992 2957 5053 Antonius
2996 4993 3293 5066 Sulpicium
3331 4991 3653 5064 alloquens..
3678 4989 3885 5054 Idem..

1207 5056 1234 5115 (
1254 5073 1325 5128 39
1343 5061 1374 5124 >·
1405 5057 1650 5120 Norbani
1685 5057 1914 5132 causa).
1933 5063 2108 5120 Anno
2141 5062 2227 5122 U.
2242 5062 2573 5124 C.-DCLX.
