4359 6321
1276 462 1451 549 272
2010 429 2101 518 D
2161 422 2251 517 E
2373 427 2444 511 0
2505 422 2592 513 R
2654 418 2765 513 A
2817 422 2905 511 T
2963 423 3035 510 Ο
3097 422 3184 515 R
3245 418 3329 510 E

1151 574 1281 645 que
1331 565 1670 638 teneatur;
1724 545 1816 616 sol
1866 560 1941 615 ut
1994 541 2547 629 circumferatur,
2599 557 2672 608 ut
2727 542 2996 611 accedat
3045 541 3126 607 ad
3175 537 3471 610 brumale
3523 536 3789 629 {ignum
3825 594 3846 629 ‚
3911 546 3984 617 δε
4041 550 4142 619 in.

1153 656 1239 723 de
1293 654 1527 723 sensim
1576 649 1921 718 adscendat
1971 650 2039 715 in
2090 644 2426 713 diversam
2478 660 2794 733 partem;
2863 662 2936 712 ut
2986 642 3151 710 luna
3227 640 3474 712 acceffu
3551 644 3623 711 &
3701 646 3947 715 receffu
4025 648 4146 719 suo

1156 754 1303 823 solis
1360 755 1586 824 lumen
1644 753 1955 839 accipiat3
2012 762 2085 816 ut
2134 747 2370 815 eadem
2425 744 2619 835 spatia
2671 747 2962 835 quinque
3014 742 3214 811 stellae
3263 741 3505 831 dispari
3557 760 3745 811 motu
3807 748 4152 841 cursuque

1104 922 1113 931 ,
1158 855 1553 937 conficiant.
1612 858 1770 921 Haec
1824 870 2084 921 tantam
2134 848 2375 916 habent
2427 848 2564 916 vim
2601 898 2624 932 ,
2692 862 2763 914 ut
2815 846 3102 935 paulum·
3166 847 3522 911 immutata
3589 846 3925 915 cohaerere
4003 874 4150 921 non

1160 958 1429 1045 poffint:
1486 970 1741 1024 tantam
1798 952 2393 1042 pulchritudinem,
2443 966 2517 1015 ut
2571 949 2760 1014 nulla
2815 946 3054 1034 species
3103 965 3188 1013 ne
3243 946 3610 1033 excogitari
3662 948 3938 1038 quidem
3999 952 4148 1041 pos-

1158 1056 1237 1125 fit
1286 1060 1606 1127 ornatior.
1668 1054 1932 1123 Referte
1988 1074 2168 1121 nunc
2219 1052 2527 1117 animum
2578 1048 2664 1115 ad
2684 1047 3083 1132 hominum,
3133 1047 3237 1114 vel
3295 1048 3498 1114 etiam
3542 1065 3942 1120 caeterarum
4001 1056 4146 1123 ani-

1158 1162 1491 1231 mantium
1563 1158 1851 1224 formam
1924 1156 1996 1223 &
2071 1153 2419 1241 figuram:
2498 1147 2763 1216 nullam
2835 1162 3085 1237 partem
3160 1151 3446 1235 corporis
3516 1150 3649 1217 fine
3722 1151 3953 1242 aliqua
4025 1177 4148 1223 ne-

1158 1258 1439 1326 ceffitate
1494 1258 1778 1326 affictam
1819 1309 1841 1345 ,
1891 1269 2228 1343 totamque
2302 1252 2594 1319 formam
2664 1250 2847 1338 quasi
2901 1246 3262 1339 perfestam
3315 1251 3650 1337 reperietis
3722 1269 3868 1323 arte
3903 1308 3928 1343 ,
3999 1278 4149 1326 non

1158 1357 1347 1431 casu.
1560 1380 1563 1385 ·
3531 1412 3539 1419 .

1259 1466 1510 1531 XLVI.
1564 1458 1747 1541 Qid
1799 1459 1865 1521 in
1916 1448 2254 1521 arboribus
2291 1504 2313 1539 ,
2367 1452 2434 1519 in
2485 1451 2718 1541 quibus
2767 1474 2904 1521 non
2955 1468 3273 1537 truncuS,
3327 1474 3461 1519 non
3515 1456 3729 1541 rami,
3781 1478 3916 1524 non
3984 1458 4151 1527 folia

1159 1563 1309 1633 sunt
1359 1563 1644 1647 denique
1682 1610 1703 1642 ,
1769 1555 1889 1622 nifi
1940 1553 2024 1620 ad
2079 1552 2266 1619 suam
2320 1553 2730 1624 retinendam
2799 1554 3458 1642 conservandamque
3533 1576 3848 1625 naturam
3891 1559 3918 1623 ?
3993 1558 4150 1627 nus:-

1153 1685 1352 1755 quam
1406 1678 1629 1727 tamen
1676 1655 1768 1723 est
1822 1654 1963 1723 ulla
2012 1668 2224 1742 pars‘,
2277 1656 2396 1723 nifi
2450 1655 2754 1724 venusta.
2805 1658 3224 1747 Linquamus
3277 1673 3592 1724 naturam
3629 1710 3650 1743 ‚
3701 1661 4001 1750 artesque
4061 1663 4150 1729 vi-

1154 1768 1431 1835 deamus
1471 1810 1485 1825 .
1554 1758 1735 1843 Quid
1787 1772 1923 1825 tam
1978 1757 2046 1822 in
2100 1757 2374 1845 navigio
2423 1758 2845 1827 necessarium
2882 1809 2905 1845 ‚
2969 1778 3174 1848 quam
3246 1757 3451 1823 latera
3493 1810 3514 1843 ,
3581 1781 3788 1848 quam
3857 1764 4096 1829 carina
4131 1816 4151 1851 ‚

1156 1886 1363 1957 quam
1414 1882 1639 1951 prora,
1688 1881 1891 1948 quam
1945 1860 2175 1947 puppis
2216 1910 2237 1943 ‚
2290 1878 2494 1947 quam
2545 1875 2852 1927 antennae
2904 1911 2924 1944 ‚
2971 1877 3176 1947 quam
3231 1857 3422 1941 vela,
3470 1880 3675 1947 quam
3733 1865 3948 1931 mali?
4001 1886 4153 1955 quae

1161 1985 1384 2035 tamen
1436 1966 1610 2029 hanc
1662 1959 1900 2028 habent
1958 1961 2026 2024 in
2080 1957 2288 2045 specie
2341 1959 2754 2027 venustatem
2793 2012 2813 2045 ,
2867 1973 2941 2026 ut
2997 1980 3134 2026 non
3187 1956 3400 2025 solum
3459 1958 3725 2049 salutis,
3779 1964 3886 2031 sed
3939 1967 4150 2031 etiam

1166 2065 1519 2153 voluptatis
1568 2061 1764 2130 causa
1803 2113 1825 2146 ,
1876 2060 2148 2125 inventa
2199 2059 2324 2126 effe
2375 2062 2764 2127 videantur.
2816 2061 3206 2144 Columnae,
3257 2062 3329 2129 &
3373 2055 3658 2149 templa,
3715 2068 3784 2133 δε
3839 2068 4152 2153 porticus

1160 2168 1525 2238 sustinent:
1578 2181 1801 2230 tamen
1850 2158 2086 2227 habent
2142 2181 2281 2225 non
2331 2160 2482 2247 plus
2537 2160 2875 2247 utilitatiS,
2929 2182 3133 2251 quam
3183 2158 3558 2249 dignitatis.
3609 2164 3908 2251 Capitolii
3963 2166 4156 2233 fasti-

1160 2273 1351 2361 gium
1404 2266 1571 2334 illud
1608 2316 1629 2349 ‚
1680 2265 1751 2331 ἃ
1807 2280 2194 2329 caeterarum
2244 2262 2488 2329 aedium
2533 2314 2552 2347 ,
2603 2284 2735 2331 non
2788 2262 3093 2330 venustas
3135 2316 3158 2349 ‚
3211 2260 3316 2329 sed
3367 2264 3696 2332 neceffitas
3745 2264 3880 2354 ipsa
3935 2265 4154 2333 fabri-

1158 2388 1306 2443 cata
1354 2366 1478 2435 est.
1533 2370 1712 2433 Nam
1762 2386 1924 2431 cum
1974 2364 2120 2433 effer
2170 2363 2393 2429 habita
2448 2364 2656 2448 ratic,
2708 2357 3276 2452 quemadmodum
3323 2386 3404 2433 ex
3461 2384 3734 2455 utraque
3781 2365 3934 2433 tecti
3987 2388 4158 2455 par-

1158 2487 1224 2539 te
1279 2491 1448 2560 aqua
1499 2467 1904 2536 delaberetur
1946 2492 1965 2555 3
2033 2466 2390 2532 utilitatem
2441 2464 2673 2553 templi
2729 2464 2968 2554 fastigii
3021 2467 3310 2555 dignitas
3356 2465 3706 2535 consecuta
3757 2466 3848 2533 est
3893 2492 3912 2532 ι
3985 2484 4070 2534 ut
4129 2520 4152 2555 ,

1158 2576 1361 2641 etiam
1415 2569 1460 2635 fi
1512 2571 1581 2635 in
1650 2570 1811 2637 caelo
1862 2569 2268 2653 Capitolium
2319 2566 2758 2653 statueretur,
2817 2568 2934 2637 ubi
2987 2566 3191 2639 imber
3239 2567 3362 2637 else
3411 2589 3548 2639 non
3597 2566 3828 2659 poffet,
3877 2568 4152 2639 nullam

1160 2672 1293 2740 fine
1352 2669 1613 2759 fastigio
1664 2669 2059 2757 dignitatem
2106 2667 2491 2737 habiturum
2541 2670 2728 2739 fuiffe
2785 2672 3116 2741 videatur.

1259 2775 1411 2837 Hoc
1464 2769 1533 2839 in
1582 2774 1888 2837 omnibus
1941 2771 2097 2836 item
2153 2769 2438 2857 partibus
2497 2773 2808 2839 orationis
2854 2776 3071 2839 evenit
3109 2824 3130 2858 ,
3200 2788 3273 2839 ut
3327 2776 3684 2842 utilitatem
3727 2828 3750 2861 ,
3815 2796 3894 2842 ac
3947 2792 4148 2865 prope

1159 2872 1603 2943 neceffitatem
1660 2872 1945 2963 suauitas
1993 2872 2338 2960 qua-dam,
2391 2875 2460 2942 δε
2520 2875 2700 2963 lepos
2749 2871 3212 2960 consequatur.
3265 2874 3621 2943 Clausulas
3667 2877 3893 2961 enim,
3953 2894 4152 2965 atque

1158 2975 1575 3062 interpuncta
1626 2973 2020 3060 verborum,
2071 2974 2307 3041 animae
2361 2974 2774 3058 interclusm,
2825 2989 3041 3062 atque.
3076 2972 3386 3061 angustiae
3413 2973 3676 3062 spiritus
3731 2980 4146 3045 attulerunt.

1159 3075 1239 3142 Id
1292 3076 1644 3143 inventum
1696 3076 1785 3142 ita
1839 3074 2035 3143 suave
2072 3128 2093 3159 ,
2144 3091 2281 3162 ut,
2336 3074 2384 3141 fi
2433 3078 2543 3143 cui
2597 3075 2672 3141 fit
2722 3074 3023 3141 infinitus
3083 3075 3344 3162 spiritus
3395 3076 3589 3147 datus
3643 3130 3666 3165 ,
3709 3097 3935 3146 tamen
3991 3097 4150 3145 euru

1158 3197 1547 3270 perpetuare
1601 3179 1795 3244 verba
1848 3178 2140 3244 nolimus
2178 3225 2195 3243 .
2270 3177 2345 3243 Id
2397 3179 2576 3245 enim
2627 3175 2898 3244 auribus
2953 3175 3192 3243 nostris
3250 3195 3520 3264 gratum
3571 3179 3662 3247 est
3715 3184 4081 3248 inventum
4126 3231 4150 3267 ,

1156 3278 1339 3370 quod
1392 3280 1747 3346 hominum
1797 3279 2106 3346 lateribus
2159 3301 2294 3346 non
2349 3277 2692 3346 tolerabile
2750 3277 3010 3362 solum,
3065 3275 3172 3344 sed
3222 3279 3423 3344 etiam
3478 3279 3673 3349 facile
3721 3282 3839 3349 effe
3887 3281 4150 3369 posset.

1258 3383 1547 3449 XLVII.
1603 3381 2001 3470 Longiffima
2052 3380 2143 3446 est
2197 3381 2402 3469 igitur
2455 3379 2832 3466 complexio
2887 3377 3284 3466 verborum,
3339 3401 3481 3468 quae
3533 3383 3711 3448 volvi
3761 3403 3896 3452 uno
3947 3383 4148 3468 spiri-

1162 3497 1234 3547 tu
1286 3483 1539 3568 potest..
1598 3481 1724 3550 Sed
1778 3484 1885 3551 hic
1934 3500 2189 3552 naturae
2241 3479 2477 3550 modus
2529 3480 2622 3547 est
2657 3531 2680 3565 ,
2733 3482 2892 3546 artis
2942 3480 3112 3548 alius
3159 3531 3176 3548 .
3245 3483 3422 3546 Nam
3475 3501 3630 3548 cum
3681 3480 3806 3546 fint
3858 3485 4154 3554 numeri

1158 3581 1421 3669 plures,
1472 3581 1807 3670 iambum,
1855 3587 1925 3654 δε
1984 3586 2349 3654 trochaeum
2405 3583 2816 3671 frequentem
2870 3579 3170 3669 segregat
3225 3576 3306 3647 ab
3353 3597 3610 3650 oratore
3661 3580 4052 3648 Aristoteles
4115 3633 4142 3668 2

1156 3677 1391 3750 Catule
1428 3732 1449 3764 ,
1499 3682 1701 3749 vester
1738 3734 1759 3767 ‚
1810 3685 1925 3772 qui
1976 3703 2210 3752 natura
2271 3702 2499 3750 tamen
2555 3685 2908 3750 incurrunt
2963 3681 3078 3768 ipsi
3132 3684 3198 3749 in
3249 3683 3616 3749 orationem
3653 3735 3674 3768 ,
3729 3681 4146 3748 sermonem-

1160 3799 1289 3867 que
1341 3780 1691 3847 nostrum:
1747 3781 1852 3847 sed
1902 3781 2051 3849 sunt
2104 3783 2397 3873 infignes
2448 3784 2886 3874 percuffiones
2939 3804 3170 3857 eorum
3221 3804 3660 3854 numerorum
3698 3833 3720 3868 ,
3771 3785 3840 3852 &
3900 3783 4148 3850 minuti

1154 3878 1381 3965 pedes.
1433 3884 1655 3964 Quare
1704 3881 1995 3971 primum
2053 3888 2196 3973 (⁴³)
2250 3885 2330 3952 ad
2380 3887 2658 3954 heroum
2711 3906 2830 3954 nos
2877 3883 3168 3972 dastyli,
3221 3886 3292 3954 &
3350 3885 3687 3974 anapaesti‚
3741 3886 3811 3953 &
3877 3885 4136 3972 {pondei

1154 3977 1391 4068 pedem
1440 3980 1717 4048 invitat:
1768 3983 1838 4050 in
1892 4005 2027 4074 quo
2078 3987 2352 4075 impune
2403 3987 2704 4077 progredi
2756 3990 2911 4057 licet
2963 3986 3098 4052 duo
3148 3985 3481 4054 duntaxat
3535 3985 3766 4074 pedeS,
3817 4001 3934 4055 aut
3981 4006 4140 4074 pau-

1154 4079 1225 4147 lo
1276 4081 1460 4167 plus,
1514 4103 1596 4150 ne
1644 4084 1838 4171 plane
1890 4087 1959 4152 in
2011 4085 2284 4154 versum
2322 4140 2344 4171 ,
2394 4104 2509 4155 aut
2561 4089 3066 4157 fimilitudinem
3121 4085 3433 4156 verinum
3485 4087 3856 4154 incidamus
3899 4135 3917 4154 .
3967 4086 4134 4152 Alias

1154 4177 1308 4248 sunt
1359 4185 1639 4274 geminae
1678 4237 1701 4272 ‚
1767 4185 2006 4275 quibus
2058 4189 2128 4256 hi
2178 4205 2311 4258 tres
2357 4188 2543 4258 heroi
2595 4193 2791 4280 pedes
2861 4193 2928 4260 in
2979 4189 3294 4282 principia
3341 4188 3950 4262 continuandorum
3999 4207 4136 4256 vet-

1158 4278 1392 4350 borum
1446 4283 1595 4352 satis
1646 4285 1880 4356 decore
1930 4288 2212 4362 cadunt.

1260 4385 1574 4452 Probatur
1626 4404 1851 4457 autem
1901 4387 1981 4456 ab
2028 4394 2262 4461 eodem
2313 4393 2431 4463 illo
2481 4395 2776 4468 maxime
2831 4380 3010 4492 paeon
3063 4422 3084 4493 ς
3154 4397 3267 4494 qui
3318 4395 3412 4474 est
3461 4397 3744 4491 duplex.
3797 4395 3980 4471 Nam
4031 4383 4139 4469 aut

1158 4503 1201 4550 a
1253 4482 1454 4571 longa
1508 4489 1712 4556 oritur
1748 4541 1771 4576 ,
1836 4509 2042 4581 quam
2092 4510 2226 4562 tres
2279 4493 2509 4568 breves
2560 4499 3052 4593 consequuntur
3092 4558 3113 4592 ,
3191 4525 3264 4574 ut
3313 4507 3451 4573 haec
3504 4503 3704 4574 verba
3742 4555 3764 4589 ,
3817 4503 4075 4588 definite
4120 4551 4144 4588 ,

3883 4627 4050 4673 mct-

1170 4785 4138 4874 *mum—z

1220 4953 1339 5019 (⁴¹)
1377 4957 1479 5014 Ad
1510 4960 1777 5026 heroum)
1816 4962 1994 5021 lamb.
2046 4971 2244 5041 Quare
2287 4970 2598 5040 plurimum
2687 4971 2880 5045 stum,
2917 4969 2988 5040 ό·
3010 4969 3313 5046 spondeum
3349 4981 3598 5037 invitat.

1142 5021 1225 5079 ad
1256 5024 1434 5089 heroos
1483 5050 1582 5092 nos
1626 5033 1789 5106 pedes
1820 5074 1839 5104 ,
1876 5035 2154 5118 daeffylum
2185 5080 2204 5107 ,
2259 5039 2328 5108 ό·
2379 5054 2596 5114 anapa-
