4359 6321
919 498 1542 598 LIBER
1665 506 2500 606 PRIMUS.
2936 552 3161 710 137h

230 626 300 699 &
365 624 832 694 Maximorum
873 649 889 689 ε
947 626 1521 713 Epaminondam,
1575 646 1773 717 atque
1825 628 2233 699 Annibalem
2283 687 2306 720 ‚
2356 652 2555 725 atque
2604 634 2753 717 eius
2801 648 3068 727 generis
3166 666 3235 712 ο.

227 734 445 797 mines
503 728 955 819 nominarem.
1014 728 1128 797 Sin
1181 744 1405 795 autem
1460 748 1902 816 quaereremus
1954 783 1974 815 ,
2029 734 2181 820 quis
2230 736 2379 802 effet
2432 739 2529 823 is,
2582 740 2695 827 qui
2750 739 2829 804 ad
2882 742 3234 830 rempubli-

226 850 382 897 cam
433 825 916 895 moderandam
965 827 1167 895 usum
1209 881 1229 914 ‚
1281 831 1351 897 &
1415 827 1750 897 scientiam
1793 884 1814 915 ,
1865 832 1934 899 &
1999 830 2294 901 studium
2348 836 2542 905 suum
2596 842 2961 911 contuliffet
3002 897 3021 931 ,
3072 842 3235 910 defi-

224 933 445 997 nirem
497 929 621 997 hoc
675 928 870 997 mod-o
911 951 934 991 .·
997 931 1132 1015 Qi
1173 983 1192 1015 ,
1241 923 1476 1018 quibus
1526 930 1716 998 rebus
1772 931 2024 999 utilitas
2076 934 2320 1023 reipub.
2374 956 2711 1025 pararetur
2751 997 2770 1028 ‚
2843 963 3235 1034 augeretur-

226 1053 358 1122 que
407 1085 427 1117 ‚
496 1048 740 1098 teneret
779 1085 800 1114 ,
870 1028 1078 1119 iisque
1129 1047 1422 1098 uteretur
1464 1085 1483 1118 ,
1553 1034 1736 1100 hunc
1793 1033 2164 1120 reipublicae
2219 1038 2539 1106 restorem
2582 1093 2603 1125 ,
2674 1046 2745 1111 δι
2804 1047 3063 1117 consilii
3113 1071 3233 1136 pu.

230 1133 391 1200 blici
465 1132 801 1202 auitorem
869 1132 989 1198 effe
1075 1130 1511 1219 habendum3
1588 1134 2138 1223 praedicaremque
2212 1142 2280 1203 P.
2366 1141 2739 1209 Lentulum
2783 1199 2804 1230 ,
2872 1150 3237 1235 principem

229 1234 428 1303 illum
472 1288 492 1320 ‚
548 1238 618 1303 &
677 1231 1242 1301 Tib.Gracchum
1295 1252 1554 1321 patrem
1590 1287 1612 1320 ‚
1681 1237 1752 1303 &
1811 1237 2272 1321 QMetellum
2312 1291 2333 1324 ,
2405 1242 2476 1308 &
2538 1243 2604 1308 P.
2636 1243 3035 1315 Africanum
3080 1300 3099 1333 ,
3159 1254 3232 1318 &

227 1342 303 1403 C.
333 1329 650 1421 Laelium,
702 1338 770 1403 δε
829 1332 1347 1402 innumerabiles
1401 1336 1568 1403 alios
1621 1358 1780 1403 cum
1829 1358 1914 1401 ex
1973 1336 2190 1403 nostra
2245 1340 2557 1425 civitate,
2608 1358 2755 1411 tum
2811 1366 2895 1412 ex
2949 1350 3234 1416 exteris·

227 1438 341 1505 Sin
396 1455 618 1506 autem
667 1455 1067 1527 quaereretur
1107 1490 1127 1521 ,
1178 1436 1486 1527 quilham
1541 1436 2043 1515 jurisconsultus
2105 1459 2259 1507 vere
2313 1444 2767 1513 nominaretur
2810 1472 2830 1535 3
2906 1470 3064 1517 eum
3138 1448 3233 1515 di-

226 1558 452 1605 cerem
495 1592 516 1625 ,
564 1539 680 1627 qui
733 1538 1017 1627 legum',
1073 1540 1154 1607 &-
1203 1537 1697 1607 consuetudinis
1750 1539 1894 1616 ejus
1941 1592 1963 1625 ,
2028 1562 2157 1629 qua
2210 1542 2448 1630 privati
2522 1544 2591 1611 in
2645 1548 2911 1615 civitate
2963 1566 3235 1623 uteren-

226 1656 342 1708 tur
383 1693 403 1726 ,
455 1644 527 1711 ὅ(
586 1638 670 1705 ad
723 1638 1290 1728 respondendum,
1343 1644 1413 1710 &
1473 1640 1558 1708 ad
1610 1640 1949 1730 agendum
1994 1694 2016 1729 ,
2069 1643 2137 1710 δε
2200 1643 2285 1711 ad
2338 1641 2718 1715 cavendum
2763 1700 2783 1734 ‚
2834 1652 3090 1735 peritus
3139 1649 3237 1717 efi-

228 1744 363 1830 iet3
421 1746 492 1811 &
547 1762 634 1809 ex
682 1762 764 1808 eo
813 1738 1049 1829 genere
1085 1743 1564 1829 Sex.AElium,
1615 1744 1710 1807 M.
1737 1742 2140 1829 Manilium,
2192 1746 2263 1813 P.
2296 1745 2605 1812 Mucium
2659 1751 3124 1819 nominarem.

331 1846 582 1909 XLIX.
645 1847 868 1931 Atque
906 1896 926 1930 ,
977 1860 1050 1911 ut
1105 1845 1240 1919 jam
1293 1844 1372 1909 ad
1425 1844 1670 1912 leviora
1725 1847 1971 1912 artium
2023 1844 2227 1914 studia
2284 1848 2547 1915 veniam
2591 1902 2612 1935 ,
2666 1849 2712 1917 fi
2764 1852 3057 1920 muficus
3106 1904 3130 1938 ,
3183 1850 3233 1918 fi

230 1942 717 2033 grammaticus
753 1992 776 2025 ‚
845 1941 893 2005 fi
959 1959 1146 2028 poeta
1199 1960 1528 2031 quaeratur
1573 1999 1594 2029 ‚
1665 1946 1890 2033 poffim
1944 1946 2246 2013 similiter
2319 1949 2657 2037 explicare
2698 2006 2719 2037 ‚
2791 1952 2946 2042 quid
2990 1972 3235 2021 eorum

228 2042 511 2134 quisque
559 2040 950 2128 profiteatur
996 2097 1017 2128 ,
1067 2042 1138 2110 &
1196 2064 1332 2130 quo
1381 2064 1519 2107 non
1573 2045 1858 2132 amplius
1917 2066 1955 2109 a
2009 2066 2269 2136 quoque
2322 2047 2397 2113 fit
2449 2040 2956 2137 postulandum.
3010 2053 3233 2119 Philo-

229 2144 414 2232 sophi
469 2140 754 2230 denique
809 2142 1006 2229 ipfius
1045 2194 1066 2227 ,
1114 2146 1225 2231 qui
1280 2145 1358 2209 de
1413 2142 1525 2210 sua
1601 2146 1668 2209 vi
1741 2162 1815 2209 ac
1872 2143 2188 2229 sapientia
2245 2167 2424 2213 unus
2473 2152 2699 2215 omnia
2746 2174 2917 2238 pene
2970 2152 3234 2239 profite-

233 2264 344 2312 tur
384 2296 404 2328 ,
458 2239 552 2307 est
603 2259 825 2309 tamen
880 2241 1182 2332 quaedam
1234 2244 1636 2331 descriptio:
1691 2259 1762 2310 ut
1813 2246 1911 2329 is,
1960 2244 2078 2332 qui
2131 2243 2377 2313 studeat
2423 2251 2728 2316 omnium
2781 2270 3015 2317 rerum
3067 2252 3237 2319 divi·

229 2363 480 2414 narum
550 2363 747 2433 atque
824 2344 1470 2411 humanarum·virn
1511 2398 1531 2430 ,
1586 2366 1938 2431 naturam,
1993 2345 2354 2435 causasque
2405 2351 2622 2436 noffe,
2675 2354 2745 2421 &
2801 2372 3075 2419 omnem
3126 2348 3233 2419 be·

225 2466 322 2513 ne
371 2443 639 2512 vivendi
689 2446 1018 2515 radonem
1071 2462 1292 2512 tenere
1347 2448 1417 2514 &
1477 2447 1813 2536 persequi,
1867 2445 2137 2511 nomine
2189 2446 2315 2513 hoc
2368 2449 2778 2536 appelletur.

341 2549 695 2614 Oratorem
749 2562 1012 2634 autem,
1064 2548 1378 2636 quoniam
1433 2546 1511 2612 de
1564 2568 1644 2613 eo
1692 2548 2093 2637 quaerimus,
2137 2546 2458 2637 equidem
2508 2570 2643 2617 non
2690 2551 2860 2618 facio
2912 2552 3239 2639 eundem,

225 2669 447 2747 quem⁸
488 2649 809 2735 Craffus3
878 2650 989 2739 qui
1041 2649 1206 2715 mihi
1265 2646 1443 2713 visus
1509 2646 1602 2714 est
1652 2668 1921 2716 omnem
1991 2650 2295 2718 omnium
2371 2670 2593 2719 rerum
2633 2702 2654 2735 ,
2724 2670 2921 2742 atque
2994 2654 3240 2723 artium

227 2750 577 2821 scientiam
627 2749 1180 2838 comprehendere
1232 2768 1368 2816 uno
1419 2751 1698 2845 oratoris
1771 2748 1982 2816 officio
2049 2770 2127 2817 ac
2200 2752 2471 2819 nornine
2523 2776 2539 2815 2
2596 2768 2795 2843 atque
2864 2773 3022 2820 eum
3073 2773 3236 2842 puto

223 2855 356 2921 effe
393 2908 412 2941 ,
481 2854 596 2942 qui
669 2854 740 2923 δε
803 2851 1016 2919 verbis
1091 2850 1178 2919 ad
1249 2850 1654 2919 audiendum
1705 2849 2016 2928 jucundis
2053 2902 2074 2937 ‚
2146 2853 2217 2919 &
2278 2850 2615 2921 sententiis
2688 2854 2767 2920 ad
2818 2853 3234 2945 probandum

219 2947 756 3023 accommodatis
808 2956 905 3022 uti
959 2952 1139 3041 poffit
1190 2956 1260 3020 in
1311 2953 1524 3021 caulis
1577 2949 1992 3039 forensibus,
2043 2968 2238 3042 atque
2287 2951 2794 3024 communibus.
2847 2960 3053 3024 Hunc
3106 2978 3239 3047 ego

215 3056 490 3142 ·appello
540 3071 869 3123 oratorem
910 3106 930 3139 ,
997 3076 1284 3145 eumque
1335 3055 1462 3123 effe
1508 3072 1828 3143 praeterea
1896 3052 2294 3129 instructum
2350 3076 2511 3131 yoce
2546 3108 2571 3145 ,
2642 3060 2717 3127 &
2776 3055 3031 3127 afflone
3068 3109 3093 3145 ‚
3159 3060 3241 3129 &t

231 3157 460 3240 lepore
510 3156 801 3243 quodam
857 3154 1047 3220 volo.

343 3255 604 3322 Crassus
658 3273 818 3321 vero
871 3255 1034 3320 mihi
1085 3257 1298 3324 noster
1358 3260 1536 3326 visus
1584 3261 1683 3332 est
1729 3263 2008 3328 oratoris
2049 3261 2445 3330 facultatem
2492 3281 2628 3328 non
2681 3261 2862 3329 illius
2904 3261 3065 3328 artis
3116 3274 3240 3326 tet·-

229 3356 444 3426 minis
482 3410 502 3444 ,
556 3353 658 3422 led
708 3354 959 3443 ingenii
1013 3351 1107 3420 fisi
1161 3356 1402 3424 finibus
1433 3402 1468 3442 -‚
1520 3359 1856 3427 immensis
1911 3381 2077 3446 pene
2109 3411 2136 3446 -‚
2185 3357 2583 3426 describere.
2638 3363 2821 3424 Nam
2878 3361 2950 3428 δε
3005 3356 3243 3424 civita-

231 3477 392 3526 tum
442 3455 886 3548 regendarum
937 3458 1180 3522 oratori
1237 3457 1682 3546 gubernacula
1737 3458 2052 3527 sententia
2109 3457 2225 3524 sua
2274 3454 2582 3524 tradidit:
2636 3458 2893 3545 inquo
2946 3475 3057 3543 per
3112 3457 3243 3522 mi·-
3310 3543 3325 3548 -

225 3559 308 3631 hi
367 3562 616 3630 mirum
671 3558 888 3626 visum
939 3555 1031 3624 est
1069 3612 1090 3643 ,
1160 3559 1456 3627 scaevola
1504 3611 1523 3644 ,
1594 3573 1657 3624 te
1707 3557 1838 3626 hoc
1887 3557 1988 3624 illi
2042 3557 2460 3644 concedere3
2527 3575 2691 3623 cum
2746 3554 3077 3644 saepiffime
3130 3551 3245 3622 tibi

225 3661 510 3729 senatus
561 3660 840 3729 breviter
894 3659 1315 3750 impoliteque
1368 3660 1613 3728 dicenti
1666 3659 1983 3727 maximis
2039 3660 2112 3726 srt
2161 3659 2244 3724 de
2294 3654 2488 3724 rebus
2537 3653 2825 3725 assensus
2866 3703 2883 3721 .
2960 3657 3056 3721 M.
3090 3675 3245 3722 vero

230 3769 532 3832 Scaurus
568 3815 591 3850 v,
641 3781 842 3852 quem
893 3782 1028 3826 non
1085 3763 1286 3850 longe
1333 3763 1475 3830 turi
1530 3761 1700 3846 apud
1753 3759 1819 3828 se
1870 3760 1994 3826 effe
2041 3759 2236 3826 audio
2291 3811 2309 3842 ,
2360 3759 2463 3824 vir
2517 3755 2814 3846 regendae
2860 3753 3240 3844 reipublicae

229 3864 696 3934 scientiffimus
737 3914 759 3950 ,
829 3860 876 3927 fi
929 3858 1214 3930 audierit
1253 3914 1275 3947 ‚
1339 3865 1514 3930 hanc
1571 3860 2034 3928 austoritatem
2085 3858 2437 3948 gravitatis
2512 3861 2582 3928 &
2640 3857 2893 3926 consilii
2948 3853 3047 3926 sui
3104 3859 3247 3923 vin-

229 3967 448 4033 dicari
497 3987 535 4032 a
588 3985 656 4033 te
691 4019 712 4052 ,
785 3963 1008 4033 Craffe
1044 4014 1067 4047 ,
1116 3963 1292 4052 quod
1339 3983 1497 4030 eam
1547 3963 1828 4029 oratoris
1877 3962 2216 4049 propriam
2266 3957 2389 4026 effe
2438 3959 2679 4047 dicas;
2731 3960 2867 4036 jam
2908 4009 2927 4043 ,
2979 3955 3177 4024 credo
3212 4009 3237 4042 ‚

222 4069 372 4136 huc
437 4069 653 4134 veniat
690 4119 712 4153 ,
783 4066 853 4134 &
911 4064 1086 4154 hanc
1136 4064 1616 4154 loquacitatem
1667 4061 1960 4129 nostram
2013 4062 2209 4130 vultu
2263 4057 2403 4147 ipso
2442 4113 2463 4146 ,
2530 4057 2928 4150 aspestuque
2982 4075 3248 4126 couter-

223 4182 382 4237 reat
419 4192 440 4233 ι
509 4170 622 4257 qui
677 4185 1065 4257 quanquam
1115 4163 1206 4233 est
1257 4167 1327 4233 in
1379 4165 1662 4234 dicendo
1713 4165 1996 4232 minime
2046 4158 2589 4232 contemnendus
2631 4214 2652 4249 ‚
2722 4159 3076 4251 prudentia
3146 4174 3248 4223 ta-

221 4291 398 4340 men
455 4291 681 4340 rerum
735 4287 1142 4358 magnarum
1193 4267 1450 4356 magiS‚
1501 4287 1708 4356 quam
1759 4262 2019 4334 dicendi
2071 4279 2261 4349 arte,
2311 4263 2587 4330 nititur.

341 4375 584 4463 Neque
641 4391 840 4456 vero,
891 4371 940 4437 fi
991 4369 1139 4458 quis
1189 4387 1548 4458 utrumque
1597 4365 1843 4456 potest,
1895 4380 2012 4434 aut
2065 4365 2182 4433 ille
2230 4363 2487 4434 consilii
2536 4363 2783 4452 publici
2846 4361 3121 4448 auctor,
3172 4381 3249 4428 ac

225 4474 502 4544 senator
554 4473 765 4542 bonus
808 4525 827 4559 ,
878 4471 960 4540 ob
1009 4491 1160 4538 eam
1215 4470 1423 4560 ipsam
1473 4461 1744 4556 causam
1795 4483 2024 4537 orator
2075 4465 2170 4533 est
2210 4493 2232 4554 3
2304 4480 2427 4532 aut
2474 4464 2585 4533 hic
2638 4463 2919 4532 disertus
2959 4517 2981 4551 ,
3050 4479 3253 4551 atque

223 4568 609 4666 eloquens,
662 4576 708 4643 fi
758 4573 850 4644 est
899 4573 1076 4643 idem
1131 4576 1198 4638 in
1252 4573 1724 4663 procuratione
1775 4569 2057 4639 civitatis
2109 4569 2419 4658 egregius
2448 4618 2469 4649 ,
2520 4565 2711 4633 illam
2764 4564 3103 4634 scientiam
3152 4561 3255 4628 di·

225 4677 437 4747 cendi
488 4681 679 4766 copia
731 4679 824 4744 est
875 4673 1269 4745 consecutus
1316 4722 1331 4740 .
1406 4674 1715 4743 Multum
1765 4673 1937 4740 inter
1994 4669 2058 4738 se
2105 4669 2341 4738 distant
2396 4665 2525 4735 istae
2577 4666 2977 4752 facultates,
3028 4665 3259 4750 longe-

225 4799 375 4872 que
431 4775 582 4847 sunt
630 4775 902 4846 diversae
977 4795 1175 4868 atque
1227 4775 1532 4858 seiunstae
1569 4803 1600 4864 3·
1663 4794 1878 4864 neque
1941 4763 2172 4842 eadem
2245 4765 2500 4838 ratione
2567 4789 2643 4838 ac
2715 4771 2826 4836 via
2878 4765 2973 4832 Μ.
3014 4769 3185 4831 Cato
3234 4812 3256 4846 ,

225 4887 313 4947 P.
351 4879 768 4970 Africanus,
819 4881 1278 4969 QMetellus,
1331 4879 1714 4966 C.Laelius‚
1763 4878 1878 4967 qui
1931 4897 2164 4944 omnes
2212 4873 2591 4965 eloquentes
2646 4871 2958 4953 fuerunt,
3009 4861 3256 4929 oratio-

229 5003 406 5052 nem
464 4981 698 5068 suam‚
745 4985 814 5056 &
874 4983 1246 5072 reipublicae
1299 4981 1704 5072 dignitatem
1742 4976 2194 5047 exornabant.

347 5088 430 5154 L.
491 5087 725 5174 Neque
778 5088 962 5158 enim
1019 5081 1108 5157 est
1153 5082 1589 5156 interdie'tum
1637 5097 1755 5158 aut
1803 5101 1842 5154 a
1897 5093 2121 5152 rerum
2170 5093 2414 5148 natura
2468 5125 2491 5163 ,
2544 5081 2657 5139 aut
2706 5091 2744 5139 a
2797 5068 2946 5156 lege
2995 5061 3257 5155 aliqua,

450 5189 704 5256 TomJ.
2306 5179 2346 5241 S
2382 5179 2394 5190 ’
2960 5181 3159 5258 “que
3210 5255 3221 5265 ,
