4359 6321
1244 450 1425 551 218
1919 428 2155 529 DE
2279 408 3238 515 ORATORE

1116 601 1193 648 ra.
1242 577 1393 645 sunt
1432 624 1455 658 ,
1502 568 1635 636 five
1682 558 1946 651 aliquod
1996 572 2250 625 unum.
2305 546 2419 613 Sin
2477 558 2700 609 autem
2750 539 2817 604 in
2868 532 3340 603 conciliatione
3385 574 3406 612 ,
3459 531 3573 591 aut
3623 519 3694 585 in
3746 515 4118 606 permota„

1122 700 1206 747 ne
1254 673 1449 745 causa
1497 670 1629 754 est,·
1684 664 1767 731 ad
1818 679 1967 728 eam
2020 675 2128 723 me
2163 646 2561 740 potiffimum
2616 655 2913 730 partem,
2963 658 3106 726 quae
3146 627 3445 699 maxime
3485 641 3912 692 commovere
3965 627 4113 693 ani..

1119 801 1270 849 mos
1318 774 1670 842 hominum
1724 761 1962 851 potest,
2015 752 2328 822 confero·
2954 738 2961 745 '

1223 885 1501 945 Summa
1550 866 1829 953 denique
1881 857 2079 936 hujus
2130 848 2391 945 generis
2443 846 2578 913 haec
2628 839 2721 907 est
2757 889 2779 924 ,
2845 851 2922 901 ut
2958 887 2978 920 ,
3051 833 3099 899 fi
3169 834 3238 897 in
3288 825 3658 895 refellendo
3734 820 4120 893 adversario

1123 952 1378 1048 firmior
1432 974 1553 1041 esse
1606 968 1811 1035 oratio
1852 1016 1872 1047 ‚
1921 976 2121 1049 quam
2173 953 2239 1019 in
2297 940 2777 1019 confirmandis
2833 934 3060 1002 nostris
3117 928 3310 999 rebus
3356 981 3379 1013 ‚
3429 928 3634 1013 potest
3676 977 3696 1012 ‚
3749 925 3982 990 omnia
4035 928 4120 995 in

1124 1080 1319 1149 illurn
1373 1072 1711 1145 conferam
1763 1068 1893 1132 tela
1935 1108 1952 1126 .
2020 1060 2133 1125 Sin
2187 1050 2399 1119 nostra
2456 1044 2714 1111 facilius
2765 1038 3020 1127 probari
3063 1086 3083 1119 ,
3153 1052 3357 1121 quam
3409 1027 3527 1095 illa
3595 1026 3906 1111 redargui
3965 1027 4116 1113 pos-

1130 1180 1279 1249 sunt
1320 1231 1341 1264 ,
1390 1176 1705 1244 abducere
1760 1166 2017 1234 animos
2068 1178 2107 1223 a
2158 1149 2487 1221 contraria
2536 1140 2908 1210 defensione
2950 1190 2970 1224 ‚
3025 1137 3094 1205 &
3153 1134 3234 1199 ad
3287 1128 3577 1197 nostram
3624 1146 3828 1196 conor
3883 1129 4116 1195 tradu-

1130 1302 1309 1349 cere.

1116 1449 1147 1467 „
1232 1385 1385 1447 Duo
1438 1372 1719 1462 denique
1770 1367 1929 1449 illa,
1974 1382 2119 1451 quae
2175 1351 2494 1421 facillima
2549 1344 2902 1425 videntur,
2956 1336 3269 1428 quoniam
3320 1355 3462 1422 quae
3511 1329 3880 1398 difficiliora
3925 1327 4118 1416 sunt,

1129 1505 1264 1552 non
1317 1480 1566 1568 possum
1605 1526 1627 1558 ,
1682 1469 1843 1537 mihi
1900 1484 2021 1553 pro
2072 1477 2220 1525 meo
2275 1455 2414 1531 iure
2467 1449 2690 1518 sumo·
2751 1451 2986 1509 Unum
3029 1492 3048 1523 ‚
3098 1454 3172 1506 ut
3228 1433 3499 1501 molesto
3549 1449 3662 1501 aut
3713 1431 3958 1497 difficili
4011 1452 4122 1495 ar-

1132 1596 1453 1673 gumento
1492 1629 1514 1661 ‚
1581 1588 1695 1643 aut
1752 1569 1897 1633 loco
1948 1574 2430 1645 nonnunquam
2482 1547 2760 1615 omnino
2811 1542 2975 1608 nihil
3031 1536 3509 1627 respondeam:
3585 1532 3761 1622 quod
3839 1532 4124 1598 forsitan

1132 1683 1373 1771 aliquis
1424 1679 1567 1756 jure
1618 1666 1887 1737 irriserit
1932 1690 1949 1729 z
2024 1663 2169 1752 quis
2225 1658 2404 1724 enim
2455 1652 2544 1719 est
2581 1704 2601 1735 ,
2652 1647 2765 1736 qui
2818 1645 2881 1709 id
2942 1643 3158 1707 facere
3217 1660 3346 1704 non
3403 1634 3647 1722 poffit?
3727 1632 3836 1699 sed
3893 1650 4120 1699 tamen

1135 1805 1262 1871 ego
1315 1782 1395 1845 de
1448 1796 1596 1843 mea
1650 1792 1831 1839 nunc
1867 1820 1887 1851 ‚
1940 1787 2073 1833 non
2130 1760 2208 1826 de
2262 1758 2550 1823 aliorum
2603 1748 2914 1815 facultate
2964 1741 3222 1828 disputo
3259 1793 3279 1825 ,
3335 1734 3788 1825 confiteorque
3841 1756 3951 1799 me
4002 1788 4022 1819 ‚
4075 1733 4124 1799 fi

1137 1907 1280 1974 quae
1330 1893 1581 1968 premat
1636 1896 1738 1941 res
1791 1864 2284 1943 vehementiuS,
2337 1860 2423 1924 ita
2477 1853 2701 1921 cedere
2754 1847 3003 1927 solere,
3053 1861 3130 1908 ut
3181 1861 3312 1906 non
3367 1836 3571 1903 modo
3633 1858 3762 1902 non
3819 1834 4123 1920 abjecto,

1141 1985 1249 2052 sed
1303 2003 1384 2047 ne
1438 1976 1677 2054 reaetto
1728 1970 1995 2062 quidem
2052 1965 2231 2032 scuto
2303 1967 2500 2043 (49)
2575 1953 2801 2040 fugere
2855 1944 3143 2029 videat-3
3220 1940 3328 2007 led
3405 1934 3708 2003 adhibere
3777 1937 4126 2026 quandam

1138 2087 1206 2150 in
1260 2078 1540 2149 dicendo
1595 2074 1873 2165 speciem
1934 2085 2125 2154 atque
2178 2079 2488 2147 pompam
2531 2108 2552 2137 ‚
2625 2055 2693 2121 &
2752 2069 2990 2137 pugnae
3062 2042 3340 2110 similem
3416 2039 3697 2125 fugam:
3769 2037 4132 2104 conlistere

1141 2205 1300 2251 vero
1352 2182 1419 2246 in
1470 2198 1619 2247 meo
1674 2170 1967 2263 praefidio
2001 2220 2023 2252 ‚
2092 2165 2179 2233 fic
2237 2176 2309 2228 ut
2365 2178 2499 2222 non
2551 2149 2852 2240 fugiendi
2906 2144 3102 2215 hostis
3147 2198 3168 2228 ,
3243 2142 3343 2208 sed
3397 2140 3682 2229 capiendi
3731 2139 3855 2203 Ioci
3911 2136 4126 2202 causa.

1140 2281 1369 2353 ceffisse
1427 2278 1645 2343 videar
1692 2324 1707 2339 .
1782 2274 2088 2339 Alterum
2138 2266 2232 2332 est
2284 2259 2447 2327 illud
2489 2310 2509 2341 ,
2560 2254 2737 2343 quod
2787 2272 2915 2338 ego
2963 2244 3211 2313 oratori
3267 2246 3560 2308 maxime
3609 2238 3970 2304 cavendum
4029 2238 4120 2304 δε

1144 2380 1639 2475 providendum
1692 2390 1889 2464 puto,
1938 2370 2240 2463 quodque
2295 2381 2403 2427 me
2459 2356 2814 2423 sollicitare
2871 2350 3125 2414 summe
3180 2344 3337 2412 solet
3390 2368 3411 2404 .·
3475 2363 3604 2408 non
3659 2358 3794 2403 tam
3838 2356 3914 2401 ut
3967 2358 4130 2422 pro-

1144 2487 1267 2553 sim
1316 2482 1523 2550 caufis
1572 2472 1895 2545 elaborare
1949 2473 2123 2537 soleo
2166 2520 2186 2550 ,
2259 2482 2462 2549 quam
2516 2476 2588 2522 ut
2641 2474 2723 2519 ne
2776 2450 2931 2539 quid
2983 2447 3245 2514 obsim:
3319 2466 3450 2508 non
3513 2444 3676 2528 quin
3730 2438 4130 2505 enitendum

1146 2587 1223 2652 fit
1276 2590 1341 2651 in
1396 2601 1707 2670 utroque:
1764 2576 1870 2643 sed
1926 2591 2155 2639 tamen
2210 2563 2423 2631 multo
2471 2556 2566 2625 est
2617 2554 2876 2643 turpius
2929 2548 3220 2634 oratori,
3273 2544 3558 2611 nocuisse
3611 2540 3822 2611 videri
3871 2536 4130 2626 causae,

1143 2704 1347 2773 quam
1405 2704 1535 2747 non
1589 2676 1933 2767 profuifl'e.

1244 2784 1569 2851 LXXIII.
1645 2778 1765 2845 Sed
1812 2776 1973 2865 quid
2029 2774 2154 2841 hoc
2211 2766 2354 2832 loco
2405 2784 2520 2831 vos
2576 2762 2741 2827 inter
2797 2777 2914 2823 vos
2956 2806 2975 2837 ‚
3046 2750 3354 2818 Catule?
3428 2767 3512 2813 an
3569 2743 3709 2811 haec
3748 2797 3771 2829 ‚
3839 2760 3912 2811 ut
3983 2744 4128 2809 sunt

1145 2881 1632 2957 contemnenda
1672 2931 1691 2961 ‚
1760 2867 2255 2945 contemnitis?
2333 2864 2616 2930 Minime
2663 2914 2681 2944 ,
2751 2857 2962 2945 inquit
3020 2854 3192 2917 ille:
3270 2849 3376 2914 sed
3431 2844 3644 2913 Caesar
3699 2846 3780 2911 de
3833 2847 3950 2912 isto
3999 2842 4128 2931 ipso

1146 2986 1459 3077 quiddam
1518 2982 1690 3047 velle
1751 2982 1963 3045 dicere
2015 2966 2360 3038 videbatur
2403 3014 2419 3030 .
2475 2965 2591 3028 Me
2648 2980 2798 3026 vero
2851 2955 3116 3024 lubente
3157 3004 3178 3039 ,
3231 2950 3442 3037 inquit
3499 2950 3838 3015 Antonius
3887 3000 3906 3033 ‚
3953 2946 4128 3015 dixe-

1150 3090 1281 3171 rit,
1336 3086 1467 3151 five
1523 3081 1861 3149 refellendi
1918 3080 2156 3157 caula,
2213 3068 2344 3134 five
2397 3064 2768 3155 quaerendi.

1252 3191 1439 3256 Tum
1490 3187 1751 3267 Julius,
1798 3185 1943 3268 Ego
1996 3173 2420 3252 mehercule,
2475 3167 2730 3256 inquit,
2789 3158 3093 3239 Antoni,
3147 3152 3402 3241 semper
3457 3152 3510 3220 is
3569 3148 3724 3234 fui,
3775 3148 3886 3238 qui
3939 3148 4020 3215 de
4069 3163 4142 3214 te

1151 3305 1415 3358 oratore
1468 3286 1552 3352 fic
1608 3282 2023 3372 praedicarem
2061 3331 2081 3362 ‚
2136 3293 2354 3342 unum
2407 3287 2467 3334 te
2523 3268 2589 3332 in
2645 3260 2926 3330 dicendo
2979 3255 3139 3324 mihi
3199 3256 3405 3320 videri
3465 3255 3552 3339 (⁴¹
3581 3263 3605 3338 )
3657 3237 4148 3336 lestiffimutrr3

1153 3395 1623 3481 propriumque
1674 3385 1798 3448 hoc
1850 3381 1968 3448 effe
2024 3377 2240 3444 laudis
2294 3389 2458 3453 tuae,
2511 3365 2677 3435 nihil
2731 3385 2768 3430 a
2820 3378 2888 3428 te
2939 3378 3238 3446 unquam
3287 3355 3403 3422 effe
3451 3352 3734 3434 dicium,
3787 3353 3964 3438 quod
4019 3349 4154 3416 ob.

1150 3495 1301 3558 efl'et
1349 3494 1455 3575 ei,
1507 3512 1623 3578 pro
1674 3505 1809 3575 quo
1858 3481 2144 3546 diceres.
2201 3473 2406 3560 quue
2457 3468 2777 3535 memoria
2831 3478 3065 3544 tene0,
3115 3479 3275 3524 cum
3324 3455 3478 3520 mihi
3535 3453 3745 3514 fermo
3797 3470 3958 3513 cum
3999 3451 4159 3517 hoc

1152 3591 1288 3675 ipio
1339 3591 1617 3672 Crass'o'‚
1648 3577 1905 3651 'multis
1955 3573 2374 3648 audientibus
2410 3625 2432 3657 ,
2482 3571 2627 3637 effet
2683 3567 2766 3634 de
2822 3583 2886 3630 te
2938 3560 3274 3628 institutus
3313 3609 3333 3640 ,
3383 3549 3759 3638 Craffusque
3811 3549 4154 3634 plurimis

1138 3683 1363 3760 verbis
1416 3687 1859 3774 eloquentiam
1911 3680 2210 3746 laudaret
2268 3692 2454 3739 tuam
2502 3724 2520 3754 ,
2592 3669 2818 3739 dixiffe
2873 3686 2976 3732 me
3017 3717 3038 3747 ,
3105 3681 3261 3728 cum
3316 3653 3555 3723 caeteris
3629 3651 3759 3716 tuis
3831 3647 4156 3719 laudibus

1150 3787 1327 3854 hanc
1382 3785 1501 3852 effe
1554 3785 1657 3850 vel
1713 3782 2083 3846 maximam
2128 3829 2151 3862 ,
2217 3774 2393 3866 quod
2461 3794 2596 3836 non
2655 3770 2868 3835 solum
2925 3763 3098 3852 quod
3151 3783 3313 3848 opus
3365 3758 3512 3824 esset
3556 3807 3578 3839 ‚
3643 3753 3894 3816 diceres
3938 3801 3959 3833 ‚
4033 3750 4150 3817 sed

1156 3889 1354 3955 etiam
1407 3885 1586 3974 quod
1640 3903 1770 3948 non
1819 3898 1980 3964 opus
2030 3877 2174 3944 effer
2221 3927 2242 3960 ‚
2309 3894 2440 3938 non
2491 3870 2734 3935 diceres
2783 3917 2798 3932 .
2851 3869 3040 3932 Tum
3093 3863 3288 3928 illum
3341 3858 3505 3924 mihi
3562 3851 3955 3942 respondere
4007 3873 4150 3918 me·

1155 3988 1365 4073 mini·,
1415 4003 1641 4052 caetera
1692 3984 1761 4047 in
1813 3996 1875 4043 te
1932 3977 2184 4043 summe
2233 3975 2352 4039 effe
2408 3970 2737 4036 laudanda
2784 4020 2805 4051 ,
2858 3963 3027 4030 illud
3083 3954 3570 4046 vero'irnprobi
3621 3955 3741 4022 esse
3789 3951 4084 4018 hominis
4123 4005 4146 4038 ,

1158 4091 1231 4158 &
1293 4083 1618 4174 perfidiofi
1662 4135 1683 4166 ‚
1744 4080 1966 4146 dicere
2016 4074 2189 4165 quod
2242 4075 2539 4141 alienum
2589 4069 2737 4136 effet
2777 4119 2798 4153 ‚
2871 4068 2940 4134 ὅ(
3001 4084 3236 4130 nocere
3284 4063 3340 4128 ei
3391 4115 3410 4144 ,
3486 4081 3610 4148 pro
3661 4079 3794 4146 quo
3866 4056 4152 4142 quisque

1156 4187 1433 4254 diceret.
1490 4191 1715 4266 Quare
1768 4201 1899 4247 non
1953 4178 2063 4244 fibi
2115 4197 2274 4243 eum
2325 4172 2680 4255 disertum,
2733 4171 2848 4259 qui
2909 4165 2973 4233 id
3024 4188 3157 4231 non
3203 4163 3490 4245 faceret,
3551 4160 3800 4244 videri,
3849 4154 3958 4222 sed
4006 4155 4150 4218 im-

1150 4286 1439 4382 probum
1478 4339 1497 4373 ,
1541 4289 1659 4376 qui
1712 4283 1953 4352 faceret
1993 4337 2011 4358 ‚
2064 4283 2265 4348 Nunc
2305 4329 2328 4364 ,
2380 4276 2425 4344 fi
2485 4275 2598 4344 tibi
2655 4273 2914 4344 videtur
2955 4321 2976 4363 ,
3033 4267 3288 4339 Antoni
3338 4317 3358 4358 ,
3413 4261 3814 4332 demonstres
3865 4257 4073 4324 velim
4125 4304 4150 4343 ,

3843 4377 4054 4449 quare

1161 4557 4146 4654 w

1229 4743 1394 4810 (49)
1453 4739 1554 4820 ‘5⁶¹²
1604 4757 1671 4794 ne
1724 4743 1911 4806 rejecto
1964 4734 2188 4812 quidem
2231 4729 2457 4803 scuto)
2515 4730 2605 4788 Ad
2707 4722 3092 4786 imbecillitatis
3129 4718 3232 4778 fuit
3266 4761 3283 4775 .
3335 4709 3778 4788 Frequenttffime
3835 4701 3982 4778 apud
4037 4699 4150 4756 Ho-

1152 4809 1609 4868 consuetudmem
1660 4807 1862 4880 spectat
1898 4826 2089 4864 eorum
2124 4847 2141 4872 ‚
2176 4805 2269 4877 qui
2311 4805 2370 4860 in
2409 4803 2604 4873 praelio
2705 4817 2918 4856 merum
2967 4794 3060 4852 hic
3114 4811 3231 4850 mos
3288 4789 3620 4848 contumelia
3674 4799 3936 4842 notatur.
3999 4780 4150 4827 kenr-

1152 4881 1425 4952 fugientes
1462 4884 1684 4952 clypeos
1722 4878 1843 4936 suos
1882 4880 1941 4936 in
1982 4893 2190 4947 tergum
2243 4873 2601 4938 reducebant,
2713 4877 2870 4927 cius.

1155 4973 1228 5010 ne
1264 4953 1437 5012 averfi
1496 4954 1917 5009 vulnerarentur
1950 4976 1969 5006 .-
2028 4967 2204 5019 neque
2241 4946 2390 5002 enim
2414 4943 2604 5024 ‚solum
2781 4943 2902 5005 (⁴¹)
2941 4941 3083 4994 1.εὲἶί
3117 4938 3338 5001 rmum)
3375 4935 3524 4994 Man.
3561 4926 3740 4989 Lamb.
3777 4915 4146 4996 teflifflmumss

1154 5024 1417 5100 clypeum
1465 5024 1694 5096 abjicere
1734 5065 1752 5092 ,
1796 5021 1889 5082 sed
1945 5020 2007 5080 in
2061 5037 2272 5091 tergum
2323 5021 2548 5088 rejicere
2589 5056 2607 5082 ,
2709 5017 2878 5074 Grut.
2917 5015 3044 5068 rem
3084 5027 3286 5065 rmum.
