4359 6321
1190 480 1372 581 11'6
1865 471 2102 569 DE
2226 461 3249 561 oRAToRE.

1059 606 1304 678 vellem
1345 628 1362 667 ε
1413 618 1609 691 quem
1659 595 1928 689 quidem
1973 615 2158 679 ⁸nunc
2212 608 2516 659 mearum
2566 589 2961 677 ineptiarum
3012 587 3239 657 testem
3312 586 3383 656 &
3438 586 3866 678 spectatorem
3920 590 4055 663 for-

1057 724 1222 779 tuna
1289 702 1622 777 constituit
1663 746 1680 773 .
1755 701 1938 767 Nam
1987 692 2142 785 quid
2208 690 2298 763 est
2364 690 2649 779 ineptius
2686 744 2707 777 ‚
2776 712 2979 781 quam
3046 687 3126 756 de
3198 686 3480 759 dicendo
3550 693 3763 759 dicere
3804 746 3827 779 ,
3894 716 4057 769 cum

1053 806 1388 897 idipsum,
1433 804 1692 888 dicere,
1743 815 2092 888 nunquam
2145 792 2227 860 fit
2280 812 2417 861 non
2470 794 2817 881 ineptum,
2872 790 2991 858 nisi
3042 812 3201 857 cum
3252 791 3345 859 est
3396 793 3873 861 necessarium?

1159 913 1370 998 perge
1429 926 1634 991 vero,
1681 900 1943 987 craffe,
1991 895 2206 986 inquit
2260 892 2569 969 Mucius.
2620 892 2821 965 Istam
2870 892 3055 965 enim
3104 892 3375 981 culpam
3416 945 3437 981 ,
3491 915 3691 983 quam
3748 902 3988 969 veteris
4024 953 4047 993 ,

1057 1029 1188 1099 ego
1236 1005 1586 1097 praestabo.

1157 1114 1376 1182 XXV.
1429 1108 1535 1176 Sic
1585 1104 1792 1193 igitur
1847 1100 2105 1184 sentio,
2157 1098 2372 1187 inquit
2424 1096 2685 1165 Crassus
2729 1146 2751 1181 ,
2820 1108 3133 1163 naturam
3208 1095 3501 1182 primum
3554 1114 3791 1187 ,atque
3861 1099 4047 1189 inge..

1053 1212 1246 1283 nium
1295 1208 1382 1281 ad
1435 1204 1794 1275 dicendum
1848 1203 1990 1269 vim
2044 1197 2276 1265 afferre
2330 1199 2744 1263 maximam:
2804 1214 3017 1285 neque
3066 1216 3220 1263 vero
3272 1196 3444 1285 istis,
3492 1198 3577 1267 de
3627 1194 3867 1288 quibus
3886 1222 4049 1289 pau.

1055 1311 1122 1385 10
1171 1323 1324 1383 ante
1372 1306 1541 1377 dixit
1591 1306 1966 1387 AntoniuS,
2023 1296 2436 1385 scriptoribus
2488 1299 2644 1363 artis
2682 1350 2703 1381 ,
2774 1299 3098 1363 rationem
3168 1297 3425 1365 dicendi
3492 1302 3562 1368 ὃ(
3620 1302 3797 1366 viam
3838 1353 3857 1385 ,
3931 1302 4049 1369 sed.

1047 1425 1360 1483 naturam
1409 1406 1713 1477 defuiffe.
1769 1408 1946 1471 Nam
1999 1402 2068 1468 &
2128 1400 2336 1469 animi
2422 1414 2619 1486 atque
2684 1397 2935 1487 ingenii
3003 1400 3250 1466 celeres
3304 1399 3579 1488 quidam
3648 1418 3869 1467 motus
3918 1402 4081 1489 effe„

1049 1508 1334 1593 debent,
1385 1508 1502 1597 qui
1559 1509 1626 1579 &
1689 1504 1772 1569 ad
1821 1497 2337 1586 excogitandum
2386 1500 2610 1587 acuti,
2664 1499 2733 1567 &
2792 1498 2878 1564 ad
2926 1499 3401 1586 explicandum
3441 1554 3460 1587 ,
3528 1501 4049 1592 ornandumque

1044 1609 1174 1681 smt
1227 1608 1498 1687 uberes,
1551 1606 1618 1671 &
1678 1601 1756 1669 ad
1813 1602 2199 1667 memoriam
2278 1598 2457 1664 firmi
2552 1616 2744 1687 atque
2814 1598 3167 1667 diuturni.
3241 1604 3321 1665 Et
3380 1600 3427 1669 fi
3494 1604 3643 1691 quis
3702 1600 3795 1689 est
3834 1654 3854 1685 ‚
3920 1604 4045 1693 qui

1045 1708 1183 1781 haec
1239 1722 1416 1794 putet
1467 1719 1604 1769 arte
1658 1701 1864 1791 accipi
1917 1700 2118 1790 poffe,
2167 1699 2346 1787 quod
2388 1699 2629 1769 falsum
2676 1698 2813 1787 est,
2864 1700 3221 1788 (praeclare
3270 1705 3455 1769 enim
3501 1702 3565 1769 se
3604 1724 3706 1769 res
3756 1700 4053 1791 habeat,

1043 1808 1098 1879 fi
1146 1808 1283 1881 haec
1341 1802 1660 1887 accendi,
1703 1821 1816 1869 aut
1869 1807 2279 1869 commoveri
2336 1818 2471 1867 arte
2526 1802 2753 1891 poffint
2789 1825 2811 1867 ι
2880 1800 3069 1867 inseri
3122 1801 3387 1890 quidem
3426 1855 3445 1887 ,
3516 1805 3584 1871 &
3664 1802 3895 1868 donari
3952 1802 4047 1869 ab

1041 1924 1186 1977 arte
1238 1928 1368 1975 non
1429 1906 1674 1993 poss‘unt
1727 1904 1990 1989 omnia3
2049 1902 2194 1967 sunt
2246 1900 2427 1967 enim
2478 1902 2595 1971 illa
2646 1902 2815 1969 dona
2868 1920 3121 1971 natura·
3166 1914 3190 1987 )
3262 1905 3419 1991 quid
3469 1901 3549 1967 de
3598 1902 3739 1969 illis
3792 1902 3963 1969 dicet
4014 1954 4049 1989 ,

1040 2032 1190 2099 quae,
1239 2022 1416 2078 certe
1467 2027 1628 2079 cum
1677 2004 1814 2092 ipso
1863 2005 2134 2075 homine
2192 2002 2549 2071 nascuntur
2592 2006 2628 2067 ,ἓ
2688 2004 2929 2091 linguae
2986 2003 3221 2069 iolutio
3260 2054 3279 2085 ,
3334 2005 3514 2069 vocis
3569 2000 3767 2097 sonus
3798 2055 3817 2087 ,
3874 2003 4039 2071 late-

1038 2128 1113 2177 ra
1153 2161 1172 2193 ,
1246 2108 1420 2172 vires
1465 2159 1484 2191 ‚
1534 2104 1976 2172 conformatio
2027 2107 2329 2192 quaedam
2369 2155 2390 2189 ‚
2472 2108 2542 2172 &
2602 2102 2820 2191 figura
2872 2104 3069 2169 totius
3144 2104 3277 2169 oris
3350 2106 3419 2172 &
3494 2104 3840 2191 corporis?
3898 2108 4037 2171 Ne-

1035 2228 1164 2296 que
1217 2206 1352 2279 haec
1406 2208 1496 2271 ita
1543 2206 1692 2277 dico
1740 2256 1761 2289 ‚
1837 2220 1912 2273 ut
1977 2224 2081 2271 ars
2149 2203 2397 2292 aliquid
2468 2205 2705 2271 limare
2774 2224 2907 2269 non
2978 2202 3158 2293 poffit
3212 2228 3235 2267 .-
3312 2224 3527 2291 neque
3598 2206 3781 2271 enim
3834 2205 4029 2293 igno-

1035 2327 1112 2381 ro
1150 2360 1174 2393 ,
1243 2309 1312 2375 δε
1404 2327 1546 2395 quae
1620 2302 1791 2371 bona
1861 2303 1982 2381 lint
2044 2357 2063 2389 ,
2155 2306 2303 2372 fieri
2390 2308 2667 2373 meliora
2757 2306 2927 2391 poffe
3010 2303 3309 2371 doch-ina
3369 2356 3389 2389 ,
3480 2306 3553 2373 &
3656 2324 3802 2391 quae
3890 2324 4038 2375 non

1033 2409 1282 2495 optima
1321 2456 1342 2490 ,
1415 2407 1640 2493 aliquo
1691 2404 1890 2471 modo
1943 2407 2088 2474 acui
2143 2422 2363 2471 tamen
2404 2456 2427 2491 ,
2498 2408 2569 2475 &
2622 2405 2871 2492 corrigi
2924 2405 3144 2489 poffe:
3220 2402 3330 2469 sed
3386 2404 3533 2469 sunt
3593 2402 3863 2493 quidam
3912 2420 4036 2473 aut:

1029 2508 1124 2579 ita
1177 2508 1404 2593 lingua
1457 2506 1820 2577 haefitantes
1851 2558 1872 2593 ‚
1926 2525 2041 2574 aut
2090 2509 2181 2573 ita
2236 2525 2394 2573 voce
2445 2503 2708 2591 absoni,
2758 2522 2871 2571 aut
2925 2506 3015 2569 ita
3068 2501 3311 2589 vultu,
3362 2520 3677 2593 motuque
3730 2508 4037 2595 corporis

1035 2607 1243 2687 vasti,
1291 2621 1485 2692 atque
1534 2606 1813 2693 agrestes
1861 2659 1881 2693 ‚
1951 2625 2024 2675 ut
2063 2658 2094 2692 ,‚
2155 2605 2409 2677 etiamst
2462 2608 2747 2695 ingenii-s
2790 2656 2808 2689 ,
2859 2620 3056 2694 atque
3106 2622 3243 2671 arte
3300 2607 3565 2673 valeant
3607 2659 3639 2692 „
3678 2622 3899 2675 tamen
3950 2607 4033 2677 in

1029 2723 1378 2773 oratorum
1435 2724 1794 2773 numerum
1844 2710 2074 2777 venire
2125 2730 2259 2776 non
2308 2709 2540 2797 poffint
2582 2755 2599 2771 .
2654 2714 2821 2775 Sunt
2872 2725 3101 2772 autem
3154 2706 3431 2795 quidam
3481 2717 3625 2793 (a)
3688 2709 3782 2774 ita
3826 2722 4035 2777 natu-

1034 2827 1122 2877 1·ae
1174 2803 1565 2873 muneribus
1617 2808 1684 2873 in
1739 2806 1965 2875 iisdem
2015 2806 2209 2878 rebus
2258 2806 2557 2897 habiles2
2601 2810 2698 2875 ita
2742 2807 3013 2891 ornati„
3058 2822 3131 2872 ut
3182 2826 3327 2873 non
3382 2808 3563 2892 nati,
3612 2806 3721 2873 sed
3770 2804 3850 2875 ab
3904 2808 4033 2877 ali-

1031 2929 1166 2995 quo
1215 2904 1342 2971 deo
1393 2904 1530 2975 fieti
1581 2909 1711 2974 else-
1757 2910 2141 2978 videantur.

1133 3006 1466 3093 Magnum
1517 3008 1850 3096 quoddam
1900 3009 1992 3073 est
2041 3030 2209 3075 onus
2259 3026 2453 3099 atque
2504 2992 2751 3078 munus
2790 3060 2817 3095 ,
2863 3006 3185 3093 suscipere
3222 3058 3246 3089 ,
3308 3022 3503 3095 atque
3552 3006 3843 3094 profiteri
3882 3058 3905 3095 ‚
3956 3006 4033 3077 fe.

1033 3106 1206 3191 effe,
1243 3107 1555 3178 omnibus
1593 3106 1982 3194 silentibus2
2021 3130 2239 3176 unu-m
2293 3114 2607 3180 maximis
2656 3109 2735 3177 de
2790 3107 2975 3176 rebus
3014 3162 3035 3196 ,
3084 3126 3333 3194 magno
3386 3108 3456 3172 in
3503 3124 3847 3174 con-ventu
3904 3108 4029 3176 ho·

1030 3209 1330 3292 minum,
1387 3206 1818 3276 audiendum.
1875 3209 2078 3274 Adest
2126 3214 2309 3278 enim
2362 3218 2496 3284 fere
2546 3234 2777 3295 nemo,
2828 3213 2986 3300 quin
3056 3210 3312 3276 acutius
3384 3225 3576 3297 atque
3652 3210 3867 3275 acrius
3928 3211 4027 3276 vi·

1027 3311 1126 3377 tia
1171 3311 1240 3378 in
1289 3309 1598 3392 dicente,
1638 3329 1848 3398 quam
1894 3310 2072 3378 reeta
2126 3313 2349 3380 videat
2386 3363 2408 3380 .
2478 3320 2577 3381 lta
2618 3367 2648 3396 ,
2706 3309 3027 3402 quidquid
3072 3306 3165 3376 est
3203 3359 3226 3393 ,
3290 3312 3361 3376 in
3430 3329 3561 3397 quo
3610 3306 3965 3382 offenditur
4000 3362 4035 3396 ,

1028 3407 1094 3475 id
1143 3412 1346 3477 etiarn
1399 3409 1559 3494 illa,
1609 3432 1754 3498 quae
1805 3410 2134 3479 laudanda
2190 3411 2342 3480 fimt
2388 3467 2412 3500 ‚
2476 3413 2693 3481 obruit
2730 3462 2746 3479 .
2820 3417 3049 3500 Neque
3104 3409 3239 3476 haec
3296 3411 3363 3474 in
3416 3431 3565 3478 eam
3633 3410 4029 3478 sententiam

1029 3504 1322 3596 disputo,
1373 3529 1448 3576 ut
1499 3511 1800 3604 homines
1847 3511 2335 3601 adolescentes,
2384 3515 2437 3582 fi
2484 3519 2645 3604 quid
2698 3514 3001 3580 naturale
3056 3509 3229 3576 forre
3280 3532 3409 3578 non
3431 3510 3767 3598 habeant,
3806 3515 4018 3580 omni-

1028 3629 1118 3670 no
1172 3629 1209 3670 a
1260 3607 1521 3672 dicendi
1579 3611 1784 3678 stud-io
1831 3613 2205 3704 deterream
2244 3663 2259 3680 .
2336 3617 2505 3703 Qis
2557 3618 2743 3683 enirn
2790 3637 2921 3681 uon
2978 3611 3195 3679 videat
3234 3663 3255 3700 ‚
3320 3617 3395 3678 C.
3446 3613 3721 3700 coelio,
3787 3614 4015 3704 aequali

1032 3723 1230 3786 meo,
1275 3723 1522 3792 magno
1569 3705 1805 3772 honori
1855 3705 2084 3804 ffiiff82
2129 3715 2387 3778 homini
2445 3739 2651 3802 novo,
2698 3717 2898 3782 illam
2943 3713 3191 3800 ipsam,
3240 3733 3728 3808 quamcumque
3780 3701 4019 3805 assequi

1035 3803 1356 3892 potuerit,
1411 3803 1478 3864 in
1529 3799 1804 3869 dicendo
1857 3810 2364 3876 mediocri-tatem
2412 3815 2437 3876 ἓ
2512 3817 2605 3900 (b
2632 3831 2657 3900 )
2710 3801 2880 3895 Quis
2950 3813 3239 3881 vestrum
3286 3815 3605 3902 aequalem
3644 3870 3668 3900 ,
3739 3823 3825 3902 Q
3884 3821 4019 3885 Va·

1033 3905 1214 3968 rium
1261 3911 1512 3989 (40),
1565 3902 1825 3970 vastum
1876 3908 2258 3994 hominem,
2306 3928 2503 4000 atque
2552 3913 2849 4000 foedum,
2903 3937 3041 3982 non
3093 3913 3403 4001 intelligit
3454 3916 3572 3980 illa
3622 3916 3753 4002 ipsa
3810 3917 4032 3986 facula

1036 4017 1168 4071 tate
1201 4053 1234 4088 2
1273 4020 1769 4092 quamcumque
1819 4005 2102 4097 habuit,
2161 4032 2481 4104 magnam
2520 4017 2645 4084 effe
2734 4018 2805 4084 in
2840 4017 3109 4084 civitate
3128 4016 3417 4102 gratiam
3479 4015 3961 4086 consecutum?

3652 4117 3909 4180 XXVI.

1105 4417 1221 4478 (³)
1257 4423 1350 4496 Ῑζὸ
1389 4431 1598 4484 ’ἕθΐκη
1633 4423 1658 4480 )
1709 4420 1890 4476 Iamb-
1927 4427 2015 4477 ita
2069 4431 2128 4482 in
2163 4427 2349 4496 itsdem
2386 4452 2471 4487 re-
2570 4453 2754 4488 meum
2802 4453 2835 4488 a
2882 4429 3197 4504 quibusdam
3264 4430 3531 4490 veteribus
3582 4429 3735 4484 libris
3802 4425 3967 4485 abesse
3995 4470 4033 4486 ..

1029 4481 1134 4566 ὂψ·
1171 4483 1413 4568 ᾗαόῑῖεξ,
1451 4503 1786 4547 nauatam
1828 4494 2140 4550 muneribus
2177 4506 2364 4557 ornat-i
2570 4505 2767 4560 Veram
2802 4521 2977 4560 autem
3016 4503 3153 4560 hanc
3194 4502 3485 4560 lechonem
3543 4519 3683 4557 voco
3722 4540 3737 4564 ,
3770 4499 3891 4572 quia
3927 4501 4019 4580 92..

1098 4553 1218 4622 (b)
1256 4557 1404 4632 §2⁸15
1435 4558 2281 4628 vstrum)·v1&‚1„amb,G1-ut‚
2318 4573 2467 4648 Ωςιίε
2570 4580 2759 4632 Varius
2812 4593 2927 4630 non
2978 4569 3081 4630 fuit
3115 4575 3327 4645 aequalis
3366 4571 3538 4631 Craffl
3576 4614 3589 4636 ,
3633 4567 3724 4627 fed
3781 4573 4007 4637 Cottae,

1027 4625 1288 4717 'instrum’
1311 4630 1573 4711 ‘Pffal‘m
1612 4651 1834 4698 meum,
1872 4637 1948 4708 92,
2258 4675 2266 4682 ·
2568 4649 2625 4702 ἀ
2662 4642 2883 4715 Sulpicii
2916 4685 2933 4709 ‚
2973 4661 3029 4700 ut
3067 4663 3215 4715 patet
3252 4665 3327 4704 ex.
3360 4645 3503 4702 libro
3540 4643 3608 4701 de
3650 4641 3760 4700 CL.
3790 4643 4009 4702 Orato-

1097 4693 1258 4778 (ῳ)
1293 4699 1442 4781 §2⁸3³
1461 4701 1700 4772 vestrum
1719 4707 1981 4784 equalefn
1998 4707 2321 4786 QgVar-ium
2334 4716 2466 4791 dcc.)
2572 4713 2711 4770 tibus
2746 4735 2801 4770 c.
2829 4735 2918 4785 49.
2952 4718 3224 4789 AEquales
3252 4729 3350 4792 pro
3386 4718 3635 4774 emodnm
3660 4713 3909 4786 fuerunt·
3940 4723 4014 4773 G.

1025 4766 1181 4838 Lapla
1222 4767 1348 4824 sunt
1386 4789 1581 4828 iterum
1617 4775 1866 4899 plemffie
1905 4773 2111 4832 libr-arn
2139 4819 2156 4844 ‚
2190 4785 2243 4837 ἀ
2282 4781 2465 4839 edito·
2570 4793 2771 4841 Cotta.
2808 4793 2871 4841 P.
2892 4785 3192 4858 Sulpicius,
3234 4793 3303 4864 Q.
3340 4729 3565 4854 carim,
3604 4791 3709 4844 ὅτε.
3748 4788 3924 4844 Porro
3962 4784 4006 4843 fi.

1028 4857 1113 4894 res
1143 4858 1163 4898 ς
1220 4837 1347 4918 Mss.
1385 4857 1560 4895 tamen
1600 4841 1739 4920 Bod.
1838 4845 2038 4924 atha...
2079 4849 2134 4903 δε
2171 4853 2371 4908 Gonv.
2405 4857 2463 4910 δε
2564 4856 2837 4924 rejiciatur
2892 4877 3071 4913 meum
3104 4901 3121 4925 ‚
3176 4881 3291 4918 non
3332 4862 3606 4932 inelegans
3638 4857 3719 4914 est
3754 4856 4013 4914 antithe-'

1026 4911 1304 4988 Manutius
1359 4927 1546 4966 veram
1599 4911 1889 4968 lechonem
1939 4933 2234 5000 retinent-3
2273 4921 2461 4981 delent
2560 4923 2661 4984 fis:
2722 4924 2937 4984 crass‘us
2988 4931 3141 4988 enim
3186 4932 3300 4989 duo
3350 4932 3591 5006 exempla
3642 4925 3885 5011 profert,
3924 4929 4020 4986 C..

1021 4997 1186 5036 enim·
1219 4998 1410 5037 vocem
1449 4999 1630 5036 meum
1661 5023 1677 5048 ,
1719 5001 1836 5054 quae
1879 4985 2043 5058 vulgo
2100 4987 2301 5061 legitur
2336 4994 2459 5064 post
2562 4996 2812 5055 Coelium
2850 5003 3107 5072 aequalem
3145 5001 3293 5062 suum
3316 5047 3333 5072 ‚
3365 5011 3421 5064 δε
3454 5007 3772 5080 Qvanum
3808 5002 4001 5060 Cottae

1018 5051 1284 5125 ‘qudem
1320 5091 1338 5109 ·
1387 5059 1468 5122 Et
1503 5053 1637 5114 Cir·
1670 5051 1974 5128 Stephanus
2011 5057 2233 5124 testatur
2273 5083 2461 5128 vocem
2556 5085 2623 5126 ae
2649 5069 2881 5145 Sulpicii
2916 5073 3211 5148 aequalem.
3248 5085 3437 5140 pean.
