4359 6321
1236 506 1429 622 ‘230
1988 490 2224 586 DE
2349 489 3307 582 ORATORE

1214 615 1595 687 Lxxxnt.
1649 615 1792 684 Nos
1842 634 2005 684 vero
2040 666 2072 701 ,
2140 610 2362 700 inquit
2429 608 2706 679 Catulus
2744 660 2765 694 ,
2840 608 2870 701 's
2923 612 3172 679 etenim
3223 630 3358 699 pro·
3397 628 3506 679 me
3576 610 3715 680 hoc
3745 664 3766 701 ,
3839 618 3912 687 ἃ
3992 644 4116 713 pro

1114 738 1267 789 meo
1317 718 1525 787 fratre
1574 713 1921 806 respondeo
1976 728 2004 807 )
2075 732 2212 781 non
2263 711 2466 781 modo
2519 708 2631 779 tibi
2682 712 3086 800 ignoscimus
3140 764 3163 799 ,
3227 709 3337 780 sed
3391 726 3454 779 te
3501 711 3842 805 diligimus
3896 774 3924 807 ‚.
3967 746 4118 797 ma-

1111 840 1455 911 gnamque
1511 814 1627 885 tibi
1680 817 2001 887 habemus
2052 814 2382 904 gratiam:
2441 816 2509 883 &
2566 832 2725 881 cum
2773 811 3258 881 humanitatem
3312 814 3383 882 &
3443 813 3830 889 facilitatem
3903 843 4116 915 agno-

1110 922 1358 989 scimus
1408 936 1601 987 tuam
1635 971 1658 1006 ,
1709 937 1861 989 tum
1913 918 2326 985 admiramur
2380 913 2567 980 istam
2622 912 2959 983 scientiam
3014 916 3084 983 &
3143 914 3401 1002 copiam
3440 964 3456 980 .
3528 918 3854 1007 Equidem
3905 926 4114 998 etiam

1108 1022 1239 1090 hoc
1286 1040 1395 1089 me
1453 1020 1807 1091 assecutum
1857 1032 2019 1107 puto
2051 1068 2076 1104 ‚
2144 1015 2328 1105 quod·
2374 1035 2624 1103 magno
2675 1013 2818 1083 sum
2871 1016 3130 1082 levatus
3178 1034 3402 1082 errore
3438 1067 3459 1101 ‚
3529 1019 3600 1087 ὅ(
3658 1018 3775 1089 illa
3826 1020 4116 1099 admira-

1102 1126 1293 1190 tione
1350 1118 1657 1189 liberatus
1697 1174 1727 1207 ,,
1769 1119 1947 1211 quod
1997 1116 2227 1187 multis
2277 1138 2434 1185 cum
2489 1116 2634 1182 aliis
2685 1119 2938 1205 semper
2990 1114 3298 1182 admirari
3351 1114 3648 1187 solebam
3684 1126 3963 1208 &ffunde-
4009 1132 4119 1202 es-

1103 1222 1191 1292 set
1246 1222 1359 1289 illa
1414 1238 1598 1287 tanta
1653 1238 1767 1289 tua
1818 1222 1887 1289 in
1938 1219 2151 1290 caulis
2201 1216 2505 1285 divi-nitas
2547 1264 2561 1281 .
2621 1221 2764 1285 Nec
2817 1219 2996 1285 enim
3049 1232 3113 1284 te
3164 1216 3280 1283 ista
3331 1214 3622 1309 attigi'ii‘e-
3677 1225 4034 1299 arbitrabar
4094 1288 4117 1324 ,

1103 1346 1249 1414 quae
1308 1322 1800 1411 diligentiffime
1852 1320 2151 1410 cognosse
2199 1371 2219 1405 ‚
2289 1323 2358 1390 &
2418 1318 2706 1407 undique
2761 1319 3087 1409 collegisse
3127 1370 3148 1404 ,
3217 1316 3474 1407 usuque
3521 1321 3797 1394 dueum
3869 1334 4114 1418 partim

1102 1424 1447 1493 correxisse
1497 1424 1689 1491 video
1733 1475 1751 1510 ‚
1802 1424 2041 1510 partim
2093 1418 2564 1510 comprobasse.
2621 1424 2856 1511 Neque
2905 1440 2984 1487 eo
3038 1420 3260 1489 minus
3309 1420 3765 1513 eloquentiam
3837 1448 4032 1501 tuam
4089 1493 4114 1526 ‚

1100 1529 1171 1597 a&
1235 1523 1453 1593 multo
1504 1526 1723 1612 magis
1776 1526 2094 1592 virtutem
2149 1526 2222 1593 δε
2275 1521 2691 1611 diligentiam
2745 1523 3038 1590 admiror
3075 1543 3102 1585 .·
3179 1523 3250 1591 &
3309 1520 3502 1589 simul
3569 1526 3826 1613 gaudeo
3869 1583 3890 1616 ,
3943 1534 4108 1611 judi-

1096 1628 1287 1695 cium
1336 1624 1544 1690 animi
1602 1627 1737 1692 mei
1784 1622 2252 1711 comprobari,
2321 1624 2492 1715 quod
2551 1622 2800 1713 semper
2857 1622 3044 1693 statui
3083 1676 3106 1709 ,
3174 1623 3514 1692 neminem
3570 1624 3890 1717 sapientiae
3963 1637 4107 1707 lau-

1098 1726 1252 1793 dem
1307 1726 1378 1793 δε
1437 1724 1825 1815 eloquentiae
1880 1724 2013 1793 fine
2064 1725 2332 1795 summo
2379 1724 2588 1794 studio
2626 1777 2647 1811 ‚
2719 1727 2788 1795 δε
2849 1722 3067 1794 labore
3107 1778 3144 1811 ,,
3200 1727 3268 1795 &
3344 1724 3642 1794 doeh-ina
3700 1782 3720 1816 ‚
3791 1734 4104 1829 consequi

1098 1824 1312 1916 poffe.
1373 1824 1497 1894 Sed
1546 1842 1771 1897 tamen
1822 1828 2151 1917 quidnam.
2191 1828 2396 1896 estid
2435 1882 2456 1915 ,
2507 1825 2679 1917 quod
2731 1825 2950 1893 dixisti
2996 1880 3016 1911 ‚
3069 1827 3216 1893 fore
3255 1840 3332 1893 ut
3388 1824 3504 1894 tihi
3552 1830 4050 1917 ignosceremus
4087 1894 4123 1927 „

1102 1928 1151 1995 fi
1204 1926 1662 2015 cognossemus
1705 1984 1726 2017 ,
1777 1950 1917 2017 quae
1970 1944 2035 1995 te
2082 1927 2280 1997 causa
2334 1930 2401 1996 in
2459 1931 2642 1996 hunc
2694 1926 3058 2003 {ermonem
3112 1926 3506 2017 impuliss'et?
3557 1932 3726 2015 Qae
3775 1936 3870 2005 est
3905 1944 4116 2013 ,enim

1097 2029 1227 2096 alia
1282 2027 1523 2115 causa,
1576 2030 1695 2098 nifi
1746 2031 1924 2121 quod
1974 2028 2160 2097 nobis
2209 2082 2232 2118 ,
2283 2032 2352 2099 ὃς
2414 2031 2666 2099 horum.
2709 2026 3222 2098 adolescentium
3271 2026 3482 2098 studio
3521 2084 3544 2119 ‚
3612 2035 3725 2123 qui
3779 2054 3842 2105 te
3893 2058 4100 2110 atten-

1093 2127 1325 2195 tiffime
1388 2128 1785 2217 audierunt,
1838 2150 2092 2199 morem
2144 2150 2376 2220 gerere
2431 2128 2751 2201 voluisti?

1198 2232 1385 2297 Tum
1436 2230 1599 2317 ille,
1650 2234 1966 2301 Adimere
2010 2284 2031 2317 ‚
2082 2232 2296 2325 inquit
2339 2284 2360 2318 ,
2428 2250 2699 2301 omnem
2771 2229 3245 2299 recusationem
3298 2232 3516 2301 Crasso
3585 2236 3764 2303 volui
3797 2291 3817 2323 ‚
3883 2260 4096 2329 quem·

1094 2350 1223 2420 ego
1274 2331 1481 2419 paulo
1533 2332 1813 2403 sciebam
1851 2387 1874 2421 ‚
1950 2333 2057 2401 vel
2132 2333 2482 2422 pudentius
2530 2386 2549 2421 ,
2620 2332 2739 2400 vel
2822 2332 3098 2399 invitius
3133 2386 3154 2419 ,
3223 2344 3249 2419 (
3309 2335 3464 2401 nolo
3513 2337 3684 2403 enim
3733 2338 3952 2407 dicere
4003 2341 4086 2410 de

1095 2449 1237 2500 tam
1286 2431 1467 2503 suavi
1541 2435 1813 2505 homine
1856 2488 1878 2523 ,
1946 2433 2344 2504 fastidiosius.
2387 2448 2430 2523 )·
2483 2434 2570 2503 ad
2619 2433 2742 2502 hoc
2812 2454 3026 2521 genus
3099 2433 3423 2503 sermonis
3499 2436 3792 2507 accedere
3830 2489 3846 2506 .
3915 2442 4096 2525 Qid

1090 2535 1271 2602 enim
1328 2537 1571 2620 poterit
1628 2537 1909 2606 dicere?
1980 2534 2422 2604 Consularem
2491 2536 2558 2603 ie
2621 2536 2746 2603 effe
2811 2535 3168 2603 hominem
3217 2539 3290 2607 &
3347 2537 3727 2608 censorium
3767 2540 3799 2603 ἒ
3873 2543 4104 2611 eadem

1092 2634 1315 2701 nostra·
1360 2633 1559 2703 causa
1615 2636 1741 2705 est.
1797 2640 1910 2704 An
1962 2652 2218 2705 aetatem
2277 2636 2560 2705 afferet?
2613 2636 3050 2725 quadriennio
3119 2641 3342 2708 minor
3409 2638 3502 2706 est
3539 2689 3555 2705 .
3613 2644 3725 2709 An
3780 2640 3842 2709 se
3902 2642 4104 2713 nesci-

1095 2736 1223 2805 re?
1273 2757 1415 2825 quse
1466 2755 1591 2825 ego
1645 2736 1789 2806 sero
1827 2793 1865 2825 ‚,
1916 2760 2059 2828 qua:
2111 2739 2368 2807 cursim
2419 2739 2662 2829 arripui
2703 2790 2726 2824 ,
2791 2761 2933 2829 quae
2988 2736 3333 2807 subficivis.
3369 2742 3585 2827 operis
3623 2792 3644 2825 ,
3719 2758 3796 2809 ut
3841 2743 4032 2822 ajunt
4085 2768 4114 2810 :r

1102 2838 1221 2915 iste
1272 2856 1319 2903 a·
1360 2857 1567 2924 puero
1608 2891 1629 2925 ,
1681 2839 1945 2910 summo
1998 2838 2251 2927 studio,
2299 2839 2581 2909 summis·
2630 2838 3013 2908 doctoribus
3054 2888 3070 2905 .
3124 2838 3306 2908 Nihil
3355 2840 3592 2907 dicam.
3632 2844 3716 2909 de
3765 2845 4044 2931 ingenio
4085 2897 4111 2932 ,

1101 2940 1213 3015 cui
1269 2960 1392 3029 par
1453 2960 1655 3007 nemo
1710 2942 1833 3010 fuit
1870 2989 1889 3008 .
1944 2941 2210 3009 Etenim
2259 2962 2368 3009 me
2417 2942 2756 3009 dicentem.
2795 2942 2912 3031 qui
2963 2941 3239 3009 audierit
3275 2992 3314 3024 ‚⁴
3351 2960 3560 3007 nemo
3607 2962 3906 3031 unquam
3964 2965 4105 3013 tam

1104 3043 1201 3115 sui
1254 3038 1611 3128 despiciens
1664 3041 1791 3110 fuit
1830 3094 1851 3127 ,
1902 3042 2063 3133 qui‘n
2118 3041 2398 3131 speraret
2452 3060 2566 3111 aut
2617 3042 2859 3111 melius
2904 3095 2924 3128 ,
2977 3057 3089 3109 aut
3137 3042 3362 3109 eodem
3413 3041 3610 3107 modo
3665 3042 3742 3109 fev
3782 3045 3952 3131 poffe
4007 3048 4108 3113 di-

1100 3165 1304 3218 ceret·
1340 3142 1559 3212 Craffo
1610 3141 1865 3214 dicente
1906 3197 1927 3232 ,
1998 3164 2192 3231 nemo
2241 3160 2384 3212 tam
2436 3165 2762 3234 arrogans
2799 3196 2822 3228 ‚
2886 3143 3002 3234 qui
3058 3142 3348 3212 {imiliter
3399 3140 3462 3210 se
3515 3165 3814 3234 unquam
3894 3148 4110 3216 disiu-

1103 3269 1259 3320 rum
1310 3244 1431 3314 effe
1484 3244 1875 3314 confideret.
1930 3244 2389 3333 Qamobrem
2428 3297 2449 3334 ‚
2505 3267 2590 3313 ne
2646 3243 2880 3317 frustra
2927 3246 2997 3314 hi
3049 3249 3212 3313 tales
3266 3245 3387 3314 viri
3443 3249 3750 3314 venerint
3785 3300 3804 3336 ,
3875 3264 3940 3316 te
3987 3249 4109 3316 ali·

1102 3352 1371 3443 quando
1387 3395 1410 3432 ‚
1460 3345 1675 3416 Crasse
1692 3400 1713 3434 ,
1768 3349 2130 3418 audiamus
2147 3398 2184 3416 ..

1210 3453 1349 3519 XC.
1408 3452 1591 3518 Tum
1643 3451 1761 3519 ille
1804 3503 1823 3536 ,
1893 3453 1987 3516 Ut
2038 3451 2130 3519 ita
2178 3449 2296 3518 ista
2345 3449 2468 3518 effe
2516 3450 2892 3519 concedam.
2932 3499 2954 3534 ,
3022 3448 3239 3539 inquit
3281 3500 3320 3533 „
3355 3448 3613 3515 A-ntoni
3657 3500 3678 3535 ,
3746 3469 3886 3538 qux
3939 3449 4104 3516 sunt

1111 3554 1312 3639 longe
1370 3548 1551 3619 secus
1594 3601 1621 3634 ,
1666 3555 1823 3641 quid
1876 3551 2039 3618 mihi
2090 3571 2157 3623 tu
2212 3549 2482 3618 tandem
2534 3551 2730 3621 hodie
2766 3604 2785 3638 ‚
2839 3567 2956 3620 aut
3013 3553 3342 3638 cuiquam·
3380 3549 3631 3617 homini
3668 3601 3688 3634 ,
3735 3545 3909 3638 quod
3959 3549 4094 3615 dici

1112 3651 1337 3740 poffit,
1390 3651 1706 3741 reliquisti
1746 3655 1783 3717 >⁹
1840 3656 2083 3720 Dicam
2133 3656 2313 3722 enim
2364 3675 2563 3737 vere,
2614 3651 2978 3722 amiciffimi
3028 3651 3328 3718 homines
3373 3704 3392 3737 ,
3445 3651 3619 3742 quod
3671 3649 3908 3716 sentio.
3969 3653 4107 3718 Sa:-

1118 3772 1199 3842 pe
1247 3769 1373 3838 ego
1422 3751 1650 3818 doctos
1704 3752 2008 3818 homines
2047 3802 2068 3836 ,
2122 3753 2284 3840 quid
2342 3751 2485 3820 dico
2538 3753 2696 3843 saepe
2736 3757 2772 3817 ,ἒ
2844 3753 3050 3821 immo
3102 3774 3584 3843 nonnunquam
3641 3777 3656 3819 z
3714 3751 3868 3839 laepe
3918 3751 4106 3818 enim

1120 3851 1238 3944 qui
1291 3851 1520 3936 potui,
1561 3853 1677 3940 qui
1729 3871 1890 3938 puer
1941 3855 2009 3918 in
2063 3853 2308 3935 forum.
2347 3855 2686 3940 venerim,
2739 3875 2954 3946 neque
3004 3855 3157 3923 inde
3207 3874 3506 3943 unquam
3558 3853 3846 3937 diutius,
3898 3849 4117 3941 quam

1119 3949 1395 4043 quaestor
1433 4004 1454 4038 ‚
1503 3949 1825 4018 abfuerim
1872 3955 1897 4016 ?
1955 3949 2065 4018 sed
2116 3959 2341 4020 tamen
2389 3953 2615 4020 audivi
2659 4009 2682 4041 ‚
2745 3969 2820 4021 ut
2867 3957 3008 4021 heri
3061 3953 3352 4023 dicebam
3393 4008 3413 4041 ‚
3481 3957 3552 4024 δε
3610 3953 3900 4022 Athenis
3947 3975 4104 4024 cum

1122 4053 1315 4123 effem
1354 4103 1375 4138 ‚
1440 4050 1839 4121 dostiffimos
1894 4054 2071 4118 viros
2110 4105 2131 4139 ‚
2207 4055 2276 4122 &
2334 4053 2421 4120 in.
2453 4053 2612 4120 Afia
2661 4054 2858 4121 istum
2909 4053 3120 4141 ipsum
3177 4057 3522 4143 Scepsium.
3561 4053 4030 4122 Metrodorum
4080 4104 4102 4140 ,

1126 4174 1283 4220 cum
1334 4154 1415 4222 de
1465 4153 1568 4222 his
1623 4153 1771 4242 ipfis
1826 4151 2014 4222 rebus
2066 4151 2452 4240 disputaret.
2507 4156 2738 4245 Neque
2791 4173 2944 4222 vero
2993 4156 3158 4224 mihi
3217 4155 3562 4247 quisquam
3613 4155 3934 4243 copiolius
3979 4175 4102 4221 un-

1129 4277 1332 4345 quam
1389 4254 1565 4325 visus
1616 4255 1708 4323 est
1749 4307 1770 4340 ,
1826 4275 2036 4346 neque
2089 4254 2390 4322 subtilius
2443 4256 2509 4320 in
2561 4256 2690 4326 hoc
2744 4279 2984 4346 genere
3033 4259 3351 4344 dicendi,
3420 4279 3623 4347 quam
3675 4256 3791 4323 iste
3843 4257 4034 4324 hodie
4083 4309 4104 4340 ‚

1126 4353 1249 4424 esse
1301 4355 1631 4425 versatus..
1684 4355 1887 4442 Qod
1939 4355 1987 4423 si
2039 4356 2189 4424 esset
2243 4357 2433 4425 aliter
2474 4408 2496 4443 ,
2547 4359 2618 4428 &
2677 4359 2928 4450 aliquid
2979 4359 3416 4449 intelligerem
3467 4357 3550 4424 ab
3597 4359 3896 4425 Antonio
3947 4379 4104 4447 prae-

1128 4456 1488 4526 termiffum
1530 4481 1552 4520 .·
1608 4480 1745 4525 nou
1800 4459 1991 4526 effem
2044 4475 2182 4524 tam
2235 4455 2596 4530 inurbanus
2636 4513 2675 4548 ,‚
2731 4482 2806 4530 ac
2857 4481 3028 4551 pene.
3070 4460 3541 4545 inhumanus,
3587 4459 3684 4530 uti
3741 4479 3818 4526 eo
3867 4479 4106 4548 grava-

1130 4579 1283 4641 rer,
1333 4557 1509 4646 quod
1564 4578 1679 4626 vos
1728 4578 1969 4646 cupere
2020 4559 2378 4629 sentirem..

1230 4663 1424 4732 Tum.
1472 4659 1834 4748 Sulpicius,
1885 4663 1997 4726 An
2046 4680 2250 4748 ergo,
2301 4663 2553 4748 inquit,
2604 4661 2846 4732 oblitus
2892 4683 3009 4749 ες,
3057 4661 3272 4731 Crasse
3312 4714 3331 4747 ,
3384 4663 3778 4729 Antoni-um.
3819 4660 3913 4728 ita
3964 4679 4108 4749 par·

1125 4761 1344 4828 titum·
1382 4762 1503 4829 effe
1557 4777 1775 4828 tecum
1816 4812 1837 4849 ‚
1902 4775 1975 4829 ut
2050 4761 2179 4849 ipse
2231 4763 2745 4832 instrumentum
2797 4767 3078 4832 oratoris
3128 4781 3546 4850 exponeret,
3613 4761 3728 4828 tibi
3796 4762 3941 4839 ejus
4011 4761 4106 4826 di-

1128 4861 1543 4931 stinctionem
1598 4879 1791 4952 atque
1843 4877 2151 4931 ornatum
2208 4863 2605 4954 relinqueret
2651 4865 2678 4930 ?
2751 4866 2882 4934 Hic
2925 4863 3049 4934 —ille
3089 4917 3110 4952 ,
3183 4863 3482 4934 Primum
3521 4915 3544 4950 ‚
3613 4865 3762 4954 quis
3809 4861 4118 4930 Antonio-

1128 4965 1458 5050 permifit,
1513 4965 1727 5052 inquit
1762 4977 1909 5051 „ut
1960 4964 2029 5033 &
2086 4978 2296 5052 partes
2346 4965 2594 5034 faceret
2633 5019 2654 5052 ,
2706 4967 2777 5035 &
2821 5019 2842 5052 ,
2893 4981 3121 5034 utram
3175 4965 3371 5034 vellet
3412 5019 3433 5054 ,
3480 4968 3658 5056 prior
3709 4964 3840 5054 iple
3893 4961 4111 5030 sume-

1131 5067 1287 5130 ret?
1343 5067 1578 5136 deinde
1598 5119 1631 5152 ‚·
1672 5065 1719 5133 fi
1769 5085 1896 5156 ego
1948 5063 2117 5134 reste
2166 5065 2512 5154 intellexi,
2561 5089 2719 5136 cum
2769 5065 2961 5137 valde
2990 5065 3288 5138 libenter
3343 5067 3638 5140 audirem
3667 5120 3688 5155 ,
3736 5063 3902 5137 mihi
3951 5084 4124 5132 con-—

3855 5185 4016 5248 1³2³-
