4359 6321
803 448 1409 540 LIBER
1537 448 2643 543 SECUNDUS,
2940 483 3137 577 173

379 570 602 657 Atque
649 562 722 631 in
775 565 901 635 hoc
949 586 1194 655 genere
1243 566 1594 637 causarum
1648 566 1961 637 nonnulli
2015 572 2471 658 praecipiunt,
2542 586 2617 637 ut
2690 566 2967 637 verbum
3020 572 3266 657 iilud,

284 668 451 759 quod
485 666 766 747 causam
786 667 990 753 facit,
1029 666 1250 739 lucide
1288 667 1703 760 breviterque
1743 686 2014 761 uterque
2033 670 2343 739 definiat.
2399 671 2598 758 Quod
2636 671 2796 740 mihi
2834 671 3102 762 quidem
3124 694 3268 759 per-

267 788 484 859 quam
541 769 792 857 puerile
843 767 1052 836 videri
1104 768 1302 837 solet.
1354 772 1510 839 Alia
1562 770 1654 839 est
1701 773 1925 859 enim,
1977 792 2134 841 cum
2188 772 2355 841 inter
2407 773 2624 842 dostos
2680 776 2986 841 homines
3034 774 3117 839 de
3154 774 3255 840 his

256 872 406 959 ipfis
451 870 664 937 rebus
698 922 721 954 ,
773 890 916 959 quae
971 870 1314 939 versantur
1370 874 1440 941 in
1493 872 1783 960 artibuS,
1831 874 2197 963 disputatur
2237 926 2259 958 ,
2310 872 2660 943 verborum
2710 876 3013 945 definitio
3048 898 3071 937 .-
3126 892 3202 947 ut
3240 928 3263 963 ‚

249 994 414 1043 cum
484 972 796 1062 quaeritur
839 1023 862 1059 ,
913 970 1072 1061 quid
1125 972 1204 1039 fit
1254 994 1358 1042 ars
1401 1026 1422 1061 ,
1470 973 1630 1064 quid
1684 975 1760 1039 fit
1815 976 1922 1043 lex
1961 1028 1982 1063 ,
2031 974 2191 1065 quid
2244 974 2317 1040 fit
2366 978 2599 1043 civitas
2640 1024 2657 1041 .
2716 981 2793 1043 [n
2846 976 3083 1067 quibus
3135 979 3261 1047 hoc

257 1076 556 1164 praecipit
607 1075 774 1143 ratio
819 1089 1021 1165 atque
1069 1074 1365 1143 dossrina
1407 1128 1429 1163 ,
1477 1092 1554 1143 ut
1607 1076 1710 1142 vis
1757 1076 1904 1155 ejus
1949 1078 2086 1161 rei,
2137 1094 2341 1166 quam
2390 1078 2673 1143 definias
2714 1130 2733 1162 ,
2788 1078 2874 1145 fic
2928 1082 3257 1167 exprima-

247 1194 358 1245 tur
394 1227 418 1263 ,
481 1192 558 1243 ut
611 1195 828 1263 neque
881 1176 1040 1244 abfit
1093 1176 1499 1267 quidquam,
1567 1196 1780 1266 neque
1833 1177 2136 1266 supersit.
2192 1176 2388 1260 Qod
2441 1176 2709 1265 quidem
2760 1179 2829 1243 in
2897 1180 3013 1245 illa
3062 1181 3257 1248 causa

259 1298 478 1367 neque
525 1276 860 1363 Sulpicius
912 1278 1107 1363 fecit,
1155 1298 1367 1369 neque
1417 1298 1548 1367 ego
1600 1279 1816 1347 facere
1865 1296 2146 1347 conatus
2198 1276 2380 1345 sum.
2436 1283 2656 1362 Nam,
2704 1294 3031 1365 quantum
3082 1297 3256 1348 uter-

251 1398 388 1469 que
439 1378 748 1447 nostrum
817 1384 1034 1467 potuit
1069 1432 1090 1463 ,
1155 1381 1345 1449 omni
1416 1384 1600 1468 copia
1671 1381 1926 1449 dicendi
1977 1380 2287 1447 dilatavit
2330 1432 2351 1465 ,
2416 1382 2577 1469 quid
2644 1380 2796 1446 effet
2850 1381 3255 1458 maiestatem

263 1481 596 1551 minuere.
654 1481 916 1547 Etenim
967 1478 1268 1548 definitio
1317 1482 1610 1572 primum
1664 1482 2062 1572 reprehenso
2111 1479 2313 1549 verbo
2362 1502 2497 1546 uno
2537 1531 2557 1565 ,
2626 1496 2737 1545 aut
2790 1480 3015 1548 addito
3052 1536 3071 1569 ‚
3140 1498 3253 1548 aut

263 1580 528 1672 dempto
569 1635 589 1665 ,
639 1581 799 1670 saepe
848 1596 1274 1672 extorquetur
1323 1604 1364 1653 e
1410 1582 1767 1655 manibus:
1841 1583 2078 1653 deinde
2128 1602 2373 1670 genere
2442 1580 2575 1668 ipso
2645 1580 3017 1647 dotti-inam
3070 1583 3251 1648 redo-

261 1683 402 1768 let,
447 1684 1122 1776 exercitationemque
1173 1705 1335 1773 pene
1389 1688 1750 1775 puerilemz
1803 1706 1952 1757 tum
2007 1690 2077 1751 in
2129 1682 2393 1754 sensum
2464 1684 2530 1750 ὅ(
2606 1683 2674 1748 in
2728 1698 3022 1749 mentem
3078 1684 3245 1760 judi·

261 1784 354 1854 cis
405 1786 652 1854 intrare
705 1808 838 1852 non
891 1788 1136 1871 potest.
1193 1790 1368 1853 Ante
1416 1792 1598 1855 enim
1651 1786 2130 1878 praeterlabitur
2182 1806 2387 1876 quam
2438 1800 2736 1871 percepta
2784 1783 2947 1851 est.·

368 1884 623 1948 XXVI.
674 1884 800 1947 Sed
853 1885 924 1950 in
975 1906 1052 1951 eo
1099 1906 1380 1972 genere,
1428 1892 1498 1955 in
1539 1910 1708 1976 que,
1756 1891 1950 1978 quale
2002 1888 2076 1953 fit
2107 1890 2298 1975 quid,
2351 1886 2743 1975 ambigitur,
2790 1884 3005 1953 existit
3040 1885 3245 1953 etiam

255 1980 328 2045 in
382 1980 602 2068 scripti
652 1984 1182 2070 interpretatione
1235 1984 1394 2070 saepe
1443 1991 1835 2074 contenti03
1910 1991 1980 2055 in
2033 2010 2166 2075 quo
2235 1990 2421 2053 nulla
2474 1987 2673 2073 potest
2740 1986 2861 2052 ess'e
2898 2040 2918 2070 ,
2986 1986 3103 2052 nisi
3157 2010 3241 2053 ex

255 2078 614 2169 ambiguo,
661 2087 1148 2154 controverfia.
1201 2089 1384 2152 Nam
1434 2084 1602 2154 illud
1652 2086 1866 2173 ipsum
1903 2140 1926 2172 ,
1977 2108 2138 2153 cum
2190 2087 2505 2171 scriptum
2561 2106 2599 2149 a
2642 2086 2953 2151 sententia
3006 2086 3241 2152 discre-

253 2199 366 2267 pat
407 2234 430 2267 ,
479 2202 694 2270 genus
741 2184 1082 2273 quoddam
1131 2184 1327 2253 habet
1377 2185 1714 2275 ambigui:
1770 2186 1942 2277 quod
1997 2202 2144 2254 tum
2196 2186 2562 2272 explicatur
2594 2238 2615 2269 ,
2666 2206 2821 2251 cum
2872 2205 2947 2249 ea
2998 2186 3241 2272 verba,

249 2304 402 2371 quae
453 2284 728 2370 desunt,
783 2284 1077 2375 suggesta
1103 2286 1294 2353 sunt:
1345 2287 1580 2375 quibus
1635 2286 1872 2355 additis
1921 2287 2336 2370 defenditur,
2390 2287 2777 2354 sententiam
2828 2286 3041 2372 scripti
3098 2308 3240 2374 per-

251 2382 548 2469 spicuam
601 2386 824 2454 fuiffe:
881 2390 950 2455 &
1011 2410 1094 2454 ex
1147 2390 1499 2453 contrariis
1551 2388 1800 2476 scriptis
1851 2390 1896 2454 fi
1949 2390 2108 2478 quid
2161 2388 2517 2476 ambigitur
2558 2440 2579 2472 ,
2630 2408 2763 2453 non
2820 2408 3073 2453 novum
3124 2408 3238 2475 ge-

247 2508 378 2551 nus
434 2485 720 2555 nascitur
759 2542 782 2573 ,
833 2486 937 2555 sed
993 2488 1340 2577 superioris
1380 2491 1638 2578 generis
1693 2489 2325 2578 causauuplicatur
2365 2539 2380 2555 .
2438 2492 2669 2576 Itaque
2719 2504 2835 2553 aut
2888 2509 3235 2576 nunquam

246 2584 602 2664 diiudicari
649 2590 886 2677 poterit
921 2640 945 2677 ‚
995 2604 1110 2659 aut
1161 2590 1254 2657 ita
1303 2590 1763 2669 dijudicabitur
1815 2642 1836 2677 ,
1909 2610 1980 2657 ut
2031 2588 2393 2659 referendis
2444 2589 2777 2678 pnaeteritIS
2828 2587 3043 2655 verbis
3094 2640 3114 2672 ,
3170 2588 3235 2653 id

247 2689 564 2779 scriptum
601 2742 621 2776 ,
673 2692 1136 2781 quodcumque
1185 2690 1644 2778 defendimus,
1696 2692 2104 2781 suppleatur.
2159 2695 2265 2761 Ita
2322 2690 2399 2757 fit
2434 2744 2455 2778 ,
2507 2706 2579 2758 ut
2633 2710 2843 2757 unum
2896 2708 3107 2777 genus
3160 2690 3235 2755 in

243 2789 318 2856 iis
372 2793 544 2859 caus
553 2816 582 2859 s
624 2846 645 2880 ,
691 2816 836 2883 quae
886 2810 1144 2883 propter
1195 2791 1512 2881 scriptum
1565 2792 2052 2883 ambiguntur,
2128 2794 2602 2883 relinquatur,
2676 2790 2721 2857 fi
2772 2790 2863 2856 est
2916 2789 3229 2875 scriptum

239 2892 492 2981 aliquid
546 2894 892 2983 ambigue.

343 2994 838 3081 Ambiguorum
891 3014 1112 3065 autem
1164 2996 1516 3084 complura
1567 3018 1810 3086 genera
1865 2998 2054 3085 sunt,
2108 3020 2251 3088 quae
2308 2997 2467 3065 mihi
2514 2993 2824 3062 videntur
2878 2994 2924 3059 ii
2982 2996 3135 3061 mel?
3122 3018 3222 3061 us

239 3093 416 3158 noffe
455 3144 478 3176 ,
525 3095 638 3181 qui
687 3081 1058 3164 dialefflci
1069 3100 1530 3182 appellantur·
1581 3100 1652 3165 hi
1706 3118 1928 3171 autem
1983 3100 2184 3168 nostri
2238 3100 2591 3188 Ignorare,
2646 3098 2757 3184 qui
2814 3115 2950 3162 non
3003 3098 3225 3163 minus

241 3193 416 3256 noll'e
464 3190 774 3260 debeant.
829 3213 977 3260 tum
1027 3196 1194 3261 illud
1247 3199 1340 3260 est
1391 3199 1990 3282 frequentissimum
2046 3205 2114 3266 in
2167 3203 2351 3266 omni
2402 3198 2877 3266 consuetudine
2932 3198 3036 3262 vel
3096 3197 3225 3261 ser-

237 3291 504 3376 moniS,
553 3293 659 3359 vel
707 3292 938 3381 -scripti
975 3347 994 3379 ‚
1046 3317 1203 3362 cum
1255 3295 1496 3360 idcirco
1549 3297 1798 3382 aliquid
1849 3300 2252 3387 ambigitur,
2322 3299 2497 3384 quod
2548 3311 2662 3362 aut
2719 3291 2997 3359 verbum
3035 3345 3057 3377 ,
3106 3311 3223 3361 aut

237 3390 442 3458 verba
497 3393 622 3460 sint
680 3395 1128 3483 praetermiffa.

339 3497 596 3562 Iterum
647 3513 868 3562 autem
921 3512 1233 3584 peccant,
1285 3517 1444 3564 cum
1496 3517 1708 3584 genus
1759 3499 1884 3568 hoc
1937 3499 2289 3567 causarum
2342 3547 2362 3582 ,
2410 3497 2585 3587 quod
2634 3493 2704 3559 in
2757 3489 2973 3580 scripti
3026 3492 3220 3560 inter·

229 3599 602 3683 pretatione
654 3597 947 3664 versatur
988 3651 1006 3683 ‚
1075 3595 1156 3666 ab
1207 3596 1342 3664 illis
1393 3599 1606 3666 caufis
1646 3651 1667 3685 ,
1715 3602 1788 3667 in
1841 3601 2078 3690 quibus
2115 3653 2134 3687 ,
2186 3599 2403 3687 qualis
2452 3615 2727 3686 quaeque
2780 3613 2879 3658 res
2936 3592 3013 3658 fit
3051 3645 3071 3677 ,
3122 3596 3219 3661 di-

235 3699 558 3785 iceptatur
592 3749 614 3781 ,
667 3697 1060 3785 sejungunt.
1118 3701 1466 3789 Nusquam
1520 3702 1698 3768 enim
1751 3718 1888 3768 tam
1941 3701 2255 3792 quaeritur
2290 3749 2315 3780 ‚
2364 3699 2559 3786 quale
2610 3697 2686 3760 fit
2743 3713 2953 3780 genus
3004 3693 3219 3780 ipsum

225 3804 319 3865 rei
371 3853 390 3881 ,
443 3819 644 3890 quam
697 3803 764 3866 in
823 3800 1060 3886 scripto
1095 3855 1120 3886 ,
1167 3801 1341 3889 quod
1397 3814 1616 3866 totu-m
1675 3822 1711 3866 a
1767 3802 1924 3870 fasti
1973 3797 2416 3870 controvetfia
2472 3797 2837 3886 separatum
2885 3792 3015 3860 est.

333 3905 438 3964 lta
491 3903 622 3966 tria
673 3901 817 3966 sunt
873 3902 1148 3968 omnino
1198 3921 1482 3989 genera,
1531 3923 1674 3990 quae
1727 3903 1794 3968 in
1850 3902 2381 3991 disceptationem
2436 3903 2505 3968 &
2548 3893 3067 3965 controversiam
3104 3917 3215 3963 ca-

220 4001 383 4068 dere
435 4003 752 4090 possunt,·
811 4001 994 4085 Quid
1047 4001 1164 4068 fiat
1200 4055 1223 4089 ,
1275 4000 1571 4089 saelum,
1625 4004 2018 4072 futurumve
2073 4005 2150 4072 sit
2188 4055 2210 4088 ,.
2260 4017 2373 4070 aut
2426 3999 2643 4087 Quale
2697 3996 2817 4082 fit,
2864 4010 2979 4067 aut
3030 4001 3215 4080 Quo-
3252 4077 3267 4092 ἱ

223 4102 420 4168 modo
475 4104 896 4170 nominetur.
953 4107 1134 4170 Nam
1189 4107 1259 4175 &
1319 4101 1487 4172 illud
1543 4105 1810 4192 quidem
1848 4160 1869 4193 ,
1941 4106 2116 4194 quod
2167 4104 2443 4192 quidam
2496 4101 2710 4168 Graeci
2764 4099 3141 4186 adjungunt
3190 4150 3213 4184 ,

222 4204 513 4272 Reli-ene
567 4203 824 4272 faRum-
875 4205 992 4289 fit,
1045 4220 1260 4272 totum
1313 4206 1384 4269 in
1434 4225 1511 4270 eo
1565 4205 1700 4289 est,
1749 4207 1974 4294 quod,
2021 4206 2239 4292 Quale
2286 4205 2405 4288 fit,
2456 4203 2853 4292 quaerimus,
2939 4258 2948 4267 .

321 4310 618 4373 XXVII.
698 4307 824 4372 Sed
879 4306 1016 4382 jam
1069 4305 1153 4372 ad
1213 4305 1584 4374 institutum
1637 4321 1934 4373 revertar
2007 4329 2235 4374 meum
2274 4355 2297 4372 ..
2360 4309 2537 4371 Cum
2609 4305 2815 4391 igitur
2852 4356 2873 4388 ,
2942 4315 3213 4390 accepto

213 4407 431 4474 caula:
485 4429 726 4496 genere
765 4459 792 4494 ,
840 4408 910 4474 ὅτ.
966 4409 1294 4496 cognito,
1335 4427 1473 4472 rem
1529 4407 1808 4474 trastare
1857 4411 2029 4494 coepi
2071 4461 2092 4495 ,
2145 4409 2309 4475 nihil
2361 4408 2542 4494 prius
2596 4403 2957 4488 constituo,
3007 4422 3217 4493 quam:

209 4506 367 4597 q'uid
435 4507 510 4575 fit
560 4507 732 4576 illud
769 4561 789 4594 ,
873 4530 1006 4598 quo
1057 4509 1218 4574 mihi
1275 4507 1616 4576 referenda
1673 4508 1746 4574 fit
1801 4511 2016 4575 omnis
2087 4509 2206 4576 illa
2256 4509 2467 4575 oratio
2505 4558 2526 4591 ‚
2599 4528 2739 4596 quae
2810 4505 2887 4572 fit
2956 4503 3215 4592 propria

211 4611 588 4700 questionis
641 4612 710 4681 &
769 4610 990 4688 judicii
1031 4635 1059 4675 τ.
1097 4608 1332 4676 deinde
1385 4610 1502 4676 illa
1554 4610 1690 4675 duo
1741 4610 2225 4698 diligentiffime
2274 4607 2663 4696 confidem,
2712 4627 3003 4696 quorum·
3050 4603 3211 4669 alte-

213 4735 373 4780 rum
426 4708 1080 4780 commendationem
1133 4709 1328 4780 habet
1383 4710 1673 4778 nostram
1710 4764 1729 4796 ‚
1791 4729 1904 4781 aut
1953 4733 2187 4780 eorum
2222 4764 2243 4797 ,
2292 4732 2457 4800 quos
2507 4709 2923 4778 defendimus
2963 4732 2987 4793 ,-
3042 4705 3217 4770 alte--

213 4836 374 4880 rum
421 4811 514 4878 est
565 4813 1142 4880 accommodatum
1193 4813 1291 4877 ad
1325 4834 1560 4881 eorum
1599 4813 1898 4898 animos,
1947 4815 2123 4903 apud
2178 4835 2340 4904 quos
2376 4813 2695 4898 dicimuS,
2746 4810 2823 4877 ad
2861 4809 2971 4890 id,
3022 4801 3205 4891 quod

215 4917 596 5000 volumuS,
647 4914 1228 4982 commovendoS.
1299 4916 1400 4982 Ita
1451 4917 1631 4981 ratio‘
1671 4919 1891 4982 omnis
1943 4916 2211 4984 dicendi
2264 4912 2469 4980 tribus
2539 4913 2623 4980 ad
2678 4905 3209 5001 persuadendum

213 5016 406 5088 rebus
459 5015 550 5086 est
599 5015 806 5086 nixa.
861 5033 935 5086 ut
985 5015 1330 5106 probemus
1393 5039 1550 5086 vera
1599 5019 1720 5086 effe
1773 5037 1899 5103 ea,
1943 5037 2086 5104 quae
2137 5015 2592 5084 defendimus.
2644 5031 2719 5080 ut
2772 5003 3205 5078 conciliemus

2981 5127 3100 5174 no·
