4359 6321
1027 500 2390 605 oRAroRrBUn
2958 550 3227 645 ps

292 633 406 707 bus
450 626 868 719 accepimus,
917 627 1032 719 qui
1087 619 1160 697 ’δε
1213 627 1486 716 ingenio
1541 625 1790 711 valuit,
1843 628 1915 699 &
1973 626 2227 721 studio,
2282 636 2356 703 δε
2408 628 2639 705 habuit
2690 634 3017 729 quasdam
3067 645 3269 718 etiam

289 734 662 804 domesticas
691 726 1128 819 disciplinas.
1183 732 1368 805 Nam
1418 730 1491 799 &
1550 749 1714 798 cum
1762 726 2024 797 summo
2073 732 2194 801 illo
2244 752 2503 803 oratore
2554 742 2787 809 Servio
2843 743 3106 829 Galba,
3152 767 3271 817 cu.

286 840 384 917 jus
451 840 532 905 C.
587 832 732 901 filio
777 831 1000 901 filiam
1046 832 1250 901 suam.
1308 829 1750 901 collocaverat
1793 884 1816 919 ,
1881 830 2211 905 affinitate.
2254 836 2394 905 sese
2431 836 2825 913 devinxerat
2862 881 2890 921 .-
2940 848 3061 931 &,
3110 868 3273 919 cum

279 940 426 1013 elset
479 938 564 1003 P.·
607 933 822 1005 Mucii
869 932 1092 1018 filius,
1147 932 1552 1021 fratremque
1601 934 1870 1011 haberet
1921 936 1992 999 P.
2048 938 2461 1025 Semelam,
2508 939 2697 1027 domi
2747 947 2861 1025 jus
2899 947 3109 1016 civile
3150 972 3273 1019 co·

281 1050 643 1131 gnoverat.
701 1040 782 1103 In
833 1057 913 1105 eo
962 1032 1354 1103 industriam
1393 1034 1651 1103 'constat
1703 1034 2034 1103 summam
2090 1037 2345 1126 fuisse,
2382 1044 2886 1137 maximamque
2938 1050 3269 1140 gratiam,

279 1162 434 1210 eum
491 1140 563 1209 ἃ
643 1135 1101 1207 consuleretur
1153 1134 1516 1222 plurimum
1558 1188 1580 1223 ‚
1648 1138 1724 1207 &
1777 1136 2068 1211 diceret.
2108 1142 2383 1209 Horum
2435 1142 2727 1217 aetatibus
2779 1148 3071 1227 adjunffi
3120 1154 3267 1221 duo

274 1247 349 1311 C.
401 1241 648 1309 Fannii
693 1246 888 1326 (67-)
933 1292 954 1325 ,
1022 1245 1098 1307 C.
1151 1238 1220 1307 δε
1282 1236 1380 1307 Μ.
1430 1234 1558 1307 filii
1613 1236 1884 1311 fuerumt
1921 1257 1943 1301 .·
2024 1260 2324 1329 quorum
2370 1241 2519 1321 Caii
2571 1243 2756 1313 filius
2797 1297 2822 1332 ,
2866 1249 2980 1335 qui
3032 1252 3269 1322 consul

274 1364 432 1413 eum
489 1344 788 1410 Domitio
841 1340 979 1407 fuit·
1007 1392 1040 1425 ,
1099 1356 1314 1411 unam
1355 1336 1742 1409 orationem
1785 1336 1864 1405 de
1919 1336 2112 1407 sociis
2148 1392 2169 1425 ,
2242 1344 2310 1412 &
2368 1344 2637 1419 nomine
2686 1346 2935 1415 Latino
2956 1400 2989 1435 ,.
3024 1368 3269 1424 contra

274 1443 672 1514 Gracchum
717 1446 914 1530 (68)
969 1440 1286 1537 reliquit5
1334 1438 1484 1507 sane
1537 1442 1608 1510 &
1664 1441 1958 1527 bonam,
2001 1443 2072 1509 δε
2131 1442 2470 1511 nobilem-
2526 1464 2535 1471 ·
2896 1500 2911 1525 ,.
3183 1518 3194 1533 ,
3252 1505 3261 1513 .

369 1548 564 1612 Tum
613 1547 884 1611 Atticus
913 1595 946 1629 ,¹
1005 1541 1192 1627 Qud
1239 1561 1400 1631 ergo
1441 1542 1491 1605 ,ἲ
1549 1540 1738 1613 estne·
1790 1541 1901 1609 issa
1957 1541 2199 1610 Fannii
2234 1546 2266 1609 ἓ.
2318 1563 2479 1611 nam
2532 1544 2721 1611 varia
2770 1550 3003 1635 opinio·
3044 1556 3293 1639 pueris·

265 1644 456 1714 nobis
509 1660 696 1713 erate
737 1644 876 1712 Alii
928 1664 974 1711 a
1021 1652 1108 1713 C„
1156 1642 1386 1711 Perfio
1423 1654 1449 1729 (
1481 1648 1672 1733 69),
1723 1644 1981 1715 literato
2033 1645 2365 1730 homine‚.
2408 1644 2732 1733 scriptam.
2784 1650 2908 1717 effe
2958 1652 3269 1745 aiebant,

264 1747 392 1814 illo
421 1799 442 1831 ‚
485 1766 692 1839 quem
741 1741 1318 1836 fignificatvasde
1365 1744 1640 1813 dostum
1690 1745 1818 1815 effe
1859 1746 2211 1815 Lucilius.-
2258 1746 2381 1839 ‘alii
2434 1746 2693 1817 multos·
2730 1746 2977 1817 nobiles
3019 1804 3042 1838 ‚
3090 1758 3267 1844 quod

262 1848 539 1939 quisque
593 1849 888 1939 potuisset
927 1900 964 1934 ,‚
1018 1848 1088 1914 in
1141 1848 1346 1914 illam
1385 1846 1762 1916 orationem-
1803 1847 2151 1917 contulisse
2196 1896 2229 1915 μ
2290 1852 2477 1917 Tum
2526 1870 2714 1940 ego,
2782 1850 3033 1924 Audivi
3080 1858 3265 1946 equi.

263 1946 422 2018 dem
459 1948 583 2018 'ista
608 2002 629 2035 ,
676 1951 1009 2039 inquam„
1047 1948 1130 2017 de
1179 1946 1552 2025 maioribus·
1591 1946 1960 2035 natu·‚.-·sed
2010 1967 2359 2040 nunquam
2399 1950 2555 2020 sum.
2596 1950 2963 2038 a'dduftus,
3002 1968 3089 2023 ut·
3114 1974 3263 2026 crea

261 2048 492 2116 flerem
535 2077 554 2139 3
625 2071 908 2141 eamque
962 2048 1392 2139 suspicionem
1447 2066 1703 2141 propter
1757 2054 1936 2119 hane
1985 2052 2271 2120 causam.
2334 2053 2545 2125 credo·
2582 2052 2821 2141 fuiffe,
2856 2054 3051 2145 quod-
3082 2058 3263 2124 Fan·

265 2150 424 2217 nius
477 2150 544 2215 in
597 2149 1040 2219 mediocribus
1090 2151 1462 2219 oratoribus
1515 2151 1774 2219 habitus
1830 2152 2039 2221 effet:
2114 2153 2323 2220 oratio
2375 2170 2599 2225 autem
2652 2154 2760 2221 vel
2812 2158 3059 2245 optima
3107 2159 3261 2226 effet

256 2248 382 2351 illo
433 2249 708 2341 quidem
755 2267 1052 2341 tempore
1101 2254 1495 2321 orationum.
1532 2256 1856 2323 omnium·
1895 2301 1928 2321 ..
1987 2256 2114 2322 Sed
2166 2274 2297 2321 nec
2339 2250 2673 2333 ejusmodi·
2708 2254 2843 2341 est,
2894 2274 2969 2323 ut
3016 2276 3057 2323 a
3109 2260 3257 2347 plu-

261 2350 444 2419 ribus
495 2352 781 2421 confusa.
824 2354 1173 2425 videatur..
1216 2360 1414 2423 Unus
1464 2354 1659 2425 enim
1700 2355 1899 2427 sonus
1946 2355 2038 2423 est
2091 2356 2295 2423 totius
2345 2354 2708 2443 orationis,
2762 2358 2831 2427 &
2892 2358 3069 2427 idem
3120 2358 3255 2445 sty-

254 2454 410 2525 lus.
465 2458 608 2522 Nec
659 2456 742 2523 de
797 2456 1026 2525 Persio
1070 2457 1418 2527 reticuiffet
1471 2460 1882 2547 Gracchus„
1913 2481 2070 2529 cum
2129 2458 2526 2533 &Fannius
2579 2458 2660 2534 de
2680 2458 2995 2527 Menelao
3044 2472 3251 2547 (70)

251 2556 652 2625 Maratheno
695 2611 716 2643 ‚
785 2561 856 2631 δε
913 2558 996 2629 de
1049 2560 1306 2629 caeteris
1357 2557 1680 2637 objecisset
1719 2616 1739 2647 ,
1791 2560 2156 2650 praelertim
2200 2582 2359 2631 cum
2408 2561 2725 2627 Fannius·
2764 2579 3114 2648 nunquam
3170 2562 3253 2632 fic

247 2656 522 2726 habitus
572 2660 858 2749 elinguis
896 2707 926 2726 ..
974 2664 1150 2729 Nam
1206 2664 1276 2732 &
1332 2660 1558 2730 causas
1611 2662 2030 2732 defenfitavit
2067 2716 2104 2749 ‚.
2169 2664 2238 2732 &
2300 2658 2673 2729 tribunatus
2720 2658 2867 2739 eius
2910 2711 2933 2746 ,
2982 2660 3263 2733 arbitrio·

254 2762 328 2831 δε
393 2756 784 2827 :infirmitate
839 2762 920 2828 Ρ.
964 2762 1278 2829 Africani.
1316 2761 1540 2851 gestus
1559 2813 1597 2848 ,.
1633 2784 1770 2831 non
1819 2764 2136 2832 obscurus
2190 2762 2373 2843 fuit..
2990 2768 2999 2777 '

256 2911 267 2919 .
358 2862 558 2930 Alter
613 2879 850 2927 autem.
887 2864 968 2935 C.
1018 2860 1322 2929 Fannius
1369 2870 1618 2950 (71),
1667 2866 1780 2931 M..
1819 2864 2045 2953 filius,
2095 2868 2189 2932 C..
2227 2862 2415 2931 Laelii
2467 2880 2671 2952 gener
2710 2914 2745 2949 ,.
2789 2864 2857 2931 &
2916 2864 3245 2951 motibus,

251 2962 324 3029 ὅ(
382 2958 517 3049 ipso
569 2982 812 3057 genere
859 2960 1124 3029 dicendi
1177 2962 1410 3031 durior
1448 3012 1481 3028 ..
1536 2967 1605 3033 Is
1663 2965 1863 3035 soceri
1916 2966 2255 3051 instituto,
2312 2976 2337 3049 (
2381 2986 2642 3055 quem,
2694 2966 2845 3053 quia
2897 2982 3253 3055 cooptatus

250 3062 320 3129 in
375 3082 719 3153 augurum
760 3062 1120 3149 collegium
1173 3082 1311 3133 non
1364 3079 1506 3135 erat
1545 3118 1566 3153 ,
1635 3090 1784 3137 non.
1813 3056 2193 3137 'admodum
2244 3064 2560 3155 diIIgebat
2601 3118 2620 3151 ‚
2675 3064 3045 3152 praesertim
3080 3089 3251 3137 cum.

247 3164 370 3230 ille
425 3169 522 3246 Q
573 3165 932 3230 Scaevolam
990 3165 1102 3227 fibi
1173 3167 1514 3230 minorem.
1556 3185 1716 3234 natu
1774 3189 2100 3256 generum
2173 3168 2597 3255 praetuliffet:
2651 3167 2763 3234 cui
2816 3184 3047 3234 tamen
3100 3175 3241 3238 1„ae-

193 3267 204 3276 '
253 3261 388 3332 lius
445 3263 510 3328 se
563 3259 942 3346 excusam„
980 3280 1123 3326 non.
1169 3279 1415 3350 genero
1467 3263 1713 3332 minori
1760 3267 1924 3332 dixit
1979 3267 2044 3334 se
2096 3266 2264 3332 illud
2304 3316 2325 3349 ,
2394 3263 2504 3332 sed
2553 3264 2789 3342 majori
2841 3265 2993 3330 filiae
3044 3267 3255 3336 detu-

1805 3368 1900 3446 Q
1921 3385 1972 3454 q
2071 3389 2126 3430 2..
2940 3363 3077 3430 usse
3108 3377 3135 3453 )

237 3575 3243 3620 mm..

251 3754 258 3762 '
330 3760 450 3818 (67
473 3757 503 3816 )
541 3757 670 3806 Duo
709 3755 772 3805 C.
791 3749 1037 3815 Fannii,
1078 3747 1559 3822 caji&M.filii)
1595 3749 1706 3809 Vi..
1795 3745 2054 3812 veniret,
2099 3744 2307 3802 senatus
2343 3740 2555 3804 Fannio
2589 3733 2803 3798 confixli
2838 3737 3135 3814 persuasit,
3173 3763 3252 3806 ut·

263 3823 468 3884 florius
508 3863 526 3890 ‚
576 3823 860 3878 Manutius
880 3859 899 3886 ,
934 3823 994 3876 δε
1031 3821 1309 3879 Corradus
1344 3821 1641 3880 ediderunt
1689 3861 1708 3888 ,
1801 3822 2008 3892 iuberet
2047 3835 2241 3874 omncs
2282 3857 2298 3881 ‚
2330 3831 2535 3888 praeter
2571 3817 2846 3873 Romanos
2875 3856 2891 3880 ,
2946 3813 3075 3872 urbe
3112 3816 3235 3874 exi-

257 3905 402 3955 Duo
435 3902 510 3953 C..
533 3895 750 3950 Fannii
772 3931 791 3956 ,
826 3895 953 3960 Gali
989 3897 1174 3948 Marci
1192 3889 1354 3961 fimf,
1387 3891 1570 3951 omissa
1609 3891 1702 3948 in-
1802 3913 1901 3951 re.-
1943 3887 2000 3946 id
2018 3887 2167 3970 quod
2205 3887 2376 3966 secits·
2401 3881 2681 3945 Gracchus
2722 3903 2863 3941 vero
2898 3903 3087 3944 contra
3116 3887 3248 3962 edi-5

251 3987 344 4026 ter
387 3965 508 4023 haec
547 3964 654 4021 duo
695 3963 831 4029 cnji
873 3969 1054 4018 Marc:
1091 3963 1350 4032 par-ucula
1387 3961 1460 4030 ά
1487 4005 1504 4030 ,
1547 3978 1708 4034 quam
1803 3965 1950 4022 &um
1965 3959 2123 4025 secut,
2161 3964 2219 4016 ὅ(
2244 3957 2438 4022 socius,
2478 3953 2513 4013 fi
2546 3973 2863 4021 manerent,
2904 3977 3061 4029 opem
3093 3980 3233 4030 con-3

246 4037 563 4098 admittunt
591 4033 890 4094 Lambinus
915 4037 972 4090 δε
1006 4036 1276 4091 Gruterus
1326 4074 1345 4099 ,
1389 4039 1446 4092 δε
1503 4033 1706 4092 admit-
1804 4053 1886 4092 tra
1945 4030 2229 4090 consulem
2263 4027 2617 4106 pollicebatur
2644 4049 2679 4096 3-
2720 4025 2857 4086 hinc
2890 4045 3011 4086 nata
3049 4025 3237 4090 simul·

241 4124 371 4170 tere
411 4151 430 4178 ,
493 4107 556 4166 ni
596 4106 766 4164 fallor
807 4146 826 4173 ,
871 4101 1177 4160 debuerunt
1216 4146 1232 4170 ‚
1288 4124 1410 4164 cum
1447 4102 1557 4162 duo
1594 4104 1704 4163 sint
1800 4123 1911 4162 tas.
1951 4102 2259 4162 Corradus.
2856 4167 2863 4174 ,

255 4185 314 4242 C
317 4181 386 4250 aji
425 4177 622 4240 Fannii
660 4219 677 4245 ,
735 4195 964 4248 quorum
999 4193 1136 4234 unus
1171 4193 1358 4234 orator
1393 4217 1412 4242 ,
1470 4177 1593 4246 Caji
1633 4175 1704 4233 fi-
1877 4181 2036 4244 (69)
2076 4183 2155 4233 C.-
2178 4171 2391 4247 Persio)
2428 4173 2503 4232 C.
2540 4169 2751 4234 Perfius
2786 4170 3029 4242 Flaccus,
3074 4191 3231 4231 aetate

253 4255 362 4311 lius
398 4253 464 4310 de
516 4271 630 4326 quo
680 4265 832 4307 nunc
885 4247 1112 4318 agitur-,z
1165 4247 1302 4305 alter
1355 4245 1644 4304 historicus
1682 4287 1700 4313 ,
1803 4245 1890 4306 sua
1944 4249 2321 4306 Romanorum
2360 4243 2740 4302 eruditissimus
2784 4287 2800 4312 ,
2852 4248 2997 4310 cujus
3034 4243 3231 4304 censu-

255 4324 430 4384 Marci
469 4322 610 4382 filius
648 4363 682 4392 ,.
721 4319 792 4378 de
829 4339 937 4392 quo
987 4319 1164 4392 paulo·
1202 4317 1324 4390 post
1355 4356 1390 4374 0·
1428 4317 1540 4388 Qui
1578 4333 1694 4374 erat
1803 4337 1917 4377 ram
1971 4317 2351 4378 reformidabat
2404 4318 2639 4374 Lucilius
2676 4333 2837 4386 poeta
2864 4358 2880 4381 ,
2920 4316 3031 4379 (de
3067 4325 3228 4374 Orat.

247 4397 382 4464 Caji
421 4393 568 4454 filius
602 4436 620 4461 ,
673 4390 864 4452 consul
915 4408 1122 4448 creatus
1173 4390 1254 4446 est
1305 4409 1454 4448 anno
1494 4387 1576 4448 U.
1613 4389 1706 4448 C..
1797 4406 1881 4448 ιι.
1919 4396 2019 4458 6.)
2053 4387 2287 4460 quaestor
2324 4384 2431 4444 fuir
2460 4403 2609 4443 anno
2646 4387 2823 4446 Urbis
2858 4389 3083 4446 DCIX.
3122 4386 3229 4445 tri-

249 4469 624 4528 Dcxxxn.
657 4487 780 4526 cum
821 4461 1114 4528 Domitia,
1149 4467 1474 4536 Anonymus
1496 4499 1511 4514 .
1795 4461 1968 4519 hunus
2001 4459 2174 4534 plebis
2201 4499 2219 4524 ,
2245 4459 2673 4516 annencxw.
2708 4477 2767 4516 ac
2810 4457 3047 4531 denique
3078 4476 3229 4534 prae-

321 4544 353 4604 (
375 4544 489 4606 68)
550 4547 761 4598 Contra
797 4535 1112 4595 Gracchum
1143 4537 1173 4598 )
1209 4535 1285 4592 C.
1321 4529 1632 4591 Gracchum
1672 4569 1707 4587 0-
1794 4547 1918 4598 tor,
1957 4551 2100 4588 ann..
2125 4529 2370 4589 DCXX.
2410 4529 2702 4599 Prusteus.

235 4611 342 4673 Sic·
385 4609 540 4668 enim
573 4612 781 4671 Cicero
835 4605 976 4680 saepe
1027 4621 1262 4680 propter
1308 4603 1691 4662 excellentiam
1860 4607 2025 4670 (70)
2063 4603 2317 4680 Menelao
2352 4608 2380 4667 )
2430 4601 2743 4678 Menelaus,
2780 4599 3159 4666 Marathenus,
3195 4617 3227 4658 a

243 4701 444 4742 vocat:
483 4699 544 4740 ut
583 4681 760 4748 infra,
794 4687 850 4738 δε
887 4680 984 4736 lib.
1031 4698 1147 4737 ur.
1187 4674 1257 4734 de·
1290 4677 1473 4738 Orat.-
1496 4673 1688 4734 videre
1790 4670 2066 4734 Maratho·
2101 4689 2321 4746 antiqua
2391 4669 2731 4731 Phoemcum.
2783 4671 2917 4732 urbe
2952 4714 2969 4740 ,
3024 4670 3228 4749 rhetor

233 4757 376 4816 licet
415 4795 434 4812 .
486 4755 599 4812 Hic
637 4773 774 4810 vero
814 4753 977 4809 illum-
1015 4747 1300 4818 fignificari
1343 4790 1360 4814 ,
1409 4765 1493 4806 res
1526 4746 1694 4806 etiam
1792 4750 2023 4806 Graecus
2051 4787 2070 4813 ,
2106 4750 2252 4817 quus
2290 4763 2455 4816 opera
2493 4745 2571 4803 C.
2607 4743 2885 4804 Gracchus
2924 4747 2983 4802 iu
3018 4760 3242 4801 oratio--

235 4826 362 4900 ipsa
400 4826 560 4883 docet
601 4865 630 4890 „
707 4821 816 4881 uod
853 4840 979 4880 cum
1011 4818 1126 4892 ipse
1177 4821 1253 4878 C.
1287 4819 1574 4878 Gracchus
1611 4819 1688 4878 C.
1789 4817 1952 4877 nibus
1986 4815 2094 4877 suis
2129 4819 2209 4876 uti
2247 4817 2564 4892 putabatur.
2602 4815 2905 4888 Ernestus..
2938 4827 2957 4849 ⁸
3036 4882 3049 4893 ·
3178 4879 3193 4892 ,

241 4897 525 4959 Fannium·
577 4915 681 4953 con
713 4893 862 4952 ulem
906 4889 1215 4950 faciendum
1261 4889 1488 4950 curafl‘et
1528 4934 1545 4957 ,
1588 4889 1688 4950 ille
1861 4896 1970 4958 (7¹
1997 4895 2026 4955 )
2078 4898 2141 4948 C.
2177 4892 2477 4951 fannius)
2520 4890 2693 4948 Marci
2730 4886 2873 4944 filius
2899 4926 2918 4952 ‚
2959 4903 3050 4958 qur
3088 4879 3229 4939 {crr-

248 4987 444 5028 tamen
496 4985 524 5023 a
575 4965 816 5042 patribus
853 4961 1040 5027 stetit5
1079 4981 1198 5019 nam
1238 4982 1360 5020 cum
1398 4965 1484 5022 C..
1509 4965 1686 5022 Grac·
1785 4960 1898 5036 psit
1935 4961 2212 5023 Annales:
2254 4961 2324 5020 de
2357 4977 2467 5032 quo
2493 4959 2649 5033 plura
2664 4955 2873 5019 Voffius
2896 4995 2917 5024 ‚
2948 4955 3121 5022 lib-7.
3150 4949 3237 5012 de

233 5041 382 5102 chus
438 5038 580 5112 leges
631 5036 884 5112 quasdam
929 5030 1311 5110 promulgasset
1341 5075 1362 5102 ‚
1410 5038 1466 5090 &
1502 5034 1686 5106 quoti-
1787 5034 2085 5096 Historicis
2119 5032 2373 5094 Latinis.

231 5117 335 5174 die
387 5131 576 5188 magna
611 5109 882 5172 sociorum
931 5105 1226 5170 multitudo
1275 5103 1348 5164 ad
1391 5123 1516 5164 eum
1548 5126 1692 5165 con-

1239 5199 1246 5204 '
1297 5195 1314 5230 ί
