4359 6321
802 426 1428 517 LIBER
1550 426 2652 528 SECUNDUS.
2937 468 3100 559 ιρι

237 570 309 623 te
356 568 477 639 pro
522 540 795 613 homine
844 543 1339 630 pernecessario,
1390 541 1709 632 quaestore
1758 562 1920 633 tuo,
1968 548 2230 619 dicere:
2299 574 2504 643 quam
2551 555 2668 623 tibi
2719 557 3009 645 primum
3071 580 3220 627 mu..

243 650 393 724 nisti
446 645 533 713 ad
584 641 1109 714 oe·audiendum
1152 643 1377 709 viam.
1430 646 1602 711 Eece
1652 661 1925 733 autem,
1972 670 2133 717 cum
2185 667 2250 721 te
2283 652 2469 723 'nihil
2520 655 2706 725 aliud
2737 660 3070 747 profecistis
3123 682 3224 727 ar·

240 756 510 823 bitraror
548 795 569 830 ‚
637 746 755 813 nisi
814 758 889 813 ut
936 744 1243 811 homines
1294 742 1476 829 tibi,
1546 746 1768 812 civem
1822 749 2204 836 improbum
2249 753 2682 845 defendenti,
2754 759 3236 849 ignoscendum

234 866 497 945 propter
548 843 1083 915 neoeffitudinem
1130 842 1609 911 arbitrarentur
1644 871 1669 934 3
1722 844 1977 935 serpere
2024 857 2294 922 occulte
2345 860 2644 948 coepisti3
2691 862 3029 929 nihildum
3077 862 3232 928 aliis

236 946 719 1041 suspicantibus
754 999 779 1034 ,
848 965 977 1013 me·
1010 964 1180 1012 vero.
1218 944 1368 1023 iam.
1428 946 1994 1037 pertimescente,
2062 968 2139 1020 ut
2191 953 2383 1023 illam
2436 980 2570 1026 non
2623 962 2921 1031 Norbani
2974 962 3226 1030 Editio-

232 1047 631 1140 nen-1³„sed
699 1047 929 1137 populi·
988 1046 1283 1114 Romani
1355 1046 1779 1116 iracundiam
1816 1100 1839 1136 ,
1906 1072 2121 1144 neque
2184 1070 2336 1123 earn
2404 1059 2717 1138 injustam
2755 1114 2779 1147 ,
2852 1060 2962 1131 sed
3035 1064 3230 1130 meri·

228 1178 371 1227 tam
404 1172 506 1222 -ac
558 1150 851 1219 debitam
902 1148 1085 1216 fuisse
1126 1146 1527 1216 defenderes
1558 1194 1581 1216 .
1641 1150 1893 1219 Deinde
1932 1158 2053 1243 qui
2101 1156 2294 1226 locus
2343 1155 2456 1227 abs
2502 1174 2578 1228 te
2627 1164 3086 1250 praetermissus
3137 1162 3236 1229 est

230 1263 299 1327 in
345 1252 793 1348 Caepionem?
852 1254 947 1317 Ut
996 1266 1071 1317 tu
1124 1246 1247 1316 illa
1292 1249 1527 1316 omnia
1570 1250 1727 1319 odio
1760 1302 1783 1338 ‚
1832 1254 2128 1342 invidia,
2181 1259 2624 1327 misericordia
2673 1261 3044 1331 mistuisti?
3097 1264 3228 1328 Ne-

230 1382 360 1453 que
419 1358 557 1427 haec
610 1352 827 1421 solum
896 1355 973 1419 in
1018 1348 1400 1418 defensione
1435 1404 1457 1437 ,
1526 1350 1635 1419 sed
1683 1354 1885 1422 etiam
1936 1356 2007 1424 in
2057 1361 2310 1426 Scauro
2347 1412 2370 1445 ,
2419 1360 2790 1451 ceterisque
2837 1364 3008 1431 meis
3057 1360 3232 1428 testi-

230 1462 354 1529 bus
400 1512 424 1545 ‚
492 1474 787 1549 quorum·
828 1452 1199 1522 testimonia
1268 1472 1409 1521 non
1472 1453 1844 1525 refellendo
1876 1506 1903 1545 ‚
1968 1456 2079 1525 sed
2128 1462 2223 1529 ad
2261 1461 2554 1529 eundem
2624 1464 2950 1553 impetum
2997 1462 3239 1553 populi·

226 1556 735 1647 confugiendo,
788 1552 1119 1621 refutasti.
1172 1559 1345 1641 Qae
1390 1574 1557 1623 cum
1604 1555 1726 1624 abs
1774 1574 1843 1627 te
1892 1558 2091 1629 modo
2132 1577 2874 1651 commemorarentur,
2919 1563 3238 1652 equidem

228 1664 430 1741 nulla
496 1672 813 1749 praecepta
880 1655 1319 1723 desiderabam
1355 1704 1371 1723 .
1460 1656 1661 1725 Istam
1711 1660 1893 1727 enim
1944 1661 2154 1753 ipsam
2223 1661 2860 1732 demonstrationem
2911 1660 3240 1731 defenfioae

230 1752 409 1835 num
458 1778 733 1829 tuarum
794 1755 913 1838 abs
984 1772 1051 1829 te
1099 1756 1239 1845 ipso
1282 1776 1878 1830 commemoratam
1914 1814 1937 1848 ,
2004 1764 2388 1835 desti-inam
2433 1764 2558 1841 effe
2627 1786 2766 1834 non
2809 1762 3238 1835 mediocrem·

229 1880 442 1951 puto.

344 1959 561 2051 Atqui
602 2010 624 2045 ‚
674 1956 722 2025 fi
772 1958 865 2024 ita
912 1956 1125 2044 placet
1162 2010 1184 2043 ‚
1252 1960 1467 2051 inquit
1518 1962 1853 2031 Antonius
1888 2012 1911 2048 ‚
1976 1964 2312 2033 trademus
2359 1968 2562 2034 etiam
2603 2020 2624 2055 ,
2671 1990 2818 2056 quae
2865 1986 2992 2033 nos
3048 1966 3231 2055 sequi

228 2064 301 2129 in
358 2058 685 2143 dicendo,
730 2080 1001 2150 queque
1050 2062 1346 2129 maxime
1406 2062 1689 2152 spectare
1742 2062 2061 2132 solemus.
2116 2068 2364 2132 Docuit
2411 2069 2594 2135 enim
2666 2068 2801 2145 jam
2857 2084 2976 2149 nos
3026 2064 3230 2153 longa

222 2165 374 2231 vita
428 2158 706 2248 ususque
774 2179 997 2227 rerum
1064 2164 1559 2251 maximarum,
1608 2152 1683 2235 ut
1752 2164 1992 2254 quibus
2065 2162 2257 2234 rebus
2308 2169 2522 2235 animi
2593 2166 2946 2235 hominum
3001 2179 3232 2233 move*

226 2278 513 2346 rentur,
562 2278 987 2331 teneremus.
1454 2276 1465 2285 ·
2483 2282 2490 2292 ·

332 2367 454 2431 Li.
512 2360 829 2452 Equidem
899 2364 1199 2449 primum
1266 2365 1684 2434 considerare
1761 2364 1989 2451 soleo,
2052 2362 2430 2454 postuletne
2479 2366 2677 2440 cauli
2707 2416 2725 2434 .
2779 2372 2958 2439 Nam
3006 2364 3230 2455 neque

221 2466 463 2553 parvis
518 2465 585 2533 in
642 2462 829 2531 rebus
882 2464 1259 2534 adhibendae
1312 2465 1461 2534 sunt
1515 2468 1617 2536 hae
1667 2466 1925 2535 dicendi
1976 2467 2197 2553 faces,
2245 2488 2456 2557 neque
2507 2470 2596 2533 ita
2649 2460 2955 2535 animatis
2993 2465 3228 2533 ‘homi-

220 2562 473 2651 nibus‚
522 2582 597 2633 ut
652 2564 814 2631 nihil
872 2565 959 2635 ad
1006 2588 1243 2636 eorum
1296 2586 1552 2641 mentes
1588 2568 1889 2667 oratione
1944 2564 2310 2637 flectendas
2355 2564 2680 2657 proficere
2699 2568 3089 2658 proffimus:
3149 2569 3234 2631 he

220 2684 342 2735 aut
392 2667 731 2751 iri-iiione‚
784 2682 897 2733 aut
946 2670 1101 2733 odio
1120 2670 1302 2757 digni
1328 2686 1684 2755 putemur,
1734 2668 1919 2735 fiant
1967 2670 2332 2757 tragoedias
2369 2690 2654 2759 agamus
2703 2674 2770 2736 in
2829 2669 3065 2757 nugi3‚
3119 2678 3234 2732 aut

220 2768 617 2837 convellere
662 2767 1047 2835 adoriamur
1098 2788 1219 2853 ea,
1270 2790 1417 2857 quae
1464 2786 1603 2835 non
1654 2768 1891 2856 poffint
1938 2772 2403 2838 commoveri.
2457 2772 2656 2837 Nunc
2711 2772 3030 2860 quoniam
3081 2766 3224 2831 haec
3341 2848 3348 2855 .

218 2870 364 2937 fere
413 2870 714 2937 maxime
764 2866 916 2937 sunt
968 2872 1037 2936 in
1096 2868 1393 2948 judicum
1446 2872 1727 2955 animis,
1777 2886 1935 2955 aut,
1984 2876 2392 2960 quicumque
2427 2871 2527 2937 illi
2569 2867 3032 2960 erunt‚.·apud
3069 2884 3234 2955 quoa

218 2990 511 3061 agemus
547 3024 568 3056 ‚
640 2972 931 3038 oratione
980 2970 1319 3039 molienda
1352 3024 1381 3057 ,
1429 2993 1619 3040 amor
1653 3024 1679 3060 ‚
1758 2970 1987 3041 odium
2012 3023 2033 3058 ‚
2074 2970 2465 3057 iracundia,
2501 2974 2762 3039 ‘invidia
2785 3026 2809 3060 ‚
2848 2969 3230 3040 misericor·

218 3074 382 3155 dia,
438 3069 619 3157 spes,
671 3068 929 3153 laetitia,
978 3074 1220 3156 timor,
1270 3072 1605 3159 molestia;
1662 3072 1979 3139 sentimus
2033 3090 2336 3141 amorem
2381 3075 2774 3158 conciliari,
2829 3073 2876 3139 fi
2925 3071 2998 3141 id
3053 3068 3232 3135 velle

214 3172 545 3254 videare,
594 3169 771 3258 quod
844 3170 917 3235 fit
970 3170 1131 3240 utile
1184 3171 1333 3258 ipsis
1370 3225 1393 3256 ‚
1446 3173 1622 3260 apud
1660 3193 1839 3262 quos
1884 3193 2049 3260 agas
2082 3229 2105 3260 ,
2138 3173 2546 3241 defendere.-
2603 3177 2651 3241 fi
2701 3189 2816 3241 aut
2865 3193 2990 3262 pro
3041 3169 3232 3235 bonis

218 3273 438 3353 viris,
486 3285 597 3337 aut
646 3285 823 3334 certe
870 3289 991 3356 pro
1034 3271 1118 3335 iis
1150 3323 1177 3356 .,
1232 3271 1357 3360 qui
1414 3267 1543 3338 illis
1597 3267 1745 3335 boni
1791 3289 1995 3361 atque
2044 3275 2242 3340 utiles
2297 3273 2463 3356 lint,
2519 3272 2853 3338 laborare.
2913 3273 3232 3354 Namque

215 3369 366 3438 haec
426 3389 535 3436 res
601 3389 897 3436 amorem
967 3372 1183 3458 magis
1232 3371 1539 3438 conciliat
1578 3423 1599 3453 ‚
1667 3371 1785 3436 illa
1836 3373 2107 3438 virtutis
2172 3369 2466 3437 defensio
2508 3375 2895 3438 caritatem:
2939 3365 3234 3457 plusque

213 3449 538 3560 proiicit,
592 3470 639 3536 fi
710 3472 1093 3558 proponitur
1166 3471 1305 3558 spes
1354 3471 1659 3537 utilitatis
1733 3469 1971 3538 futurae
2006 3521 2033 3557 ,
2078 3487 2290 3560 quam
2335 3474 2642 3559 preteriti
2692 3467 2999 3538 beneficii
3049 3485 3238 3535 com·

211 3573 629 3640 memoratio
664 3621 683 3636 .
736 3572 1141 3638 Enitendum
1210 3570 1301 3638 est
1332 3625 1353 3658 ,
1400 3587 1473 3636 ut
1522 3570 1867 3658 ostendas,
1915 3573 1987 3636 in
2036 3571 2115 3640 ea
2168 3591 2240 3637 re
2289 3591 2495 3660 quam
2545 3571 2911 3657 defendas,
2961 3582 3078 3635 aut
3127 3564 3228 3630 di„-

211 3673 555 3763 gnitatem
610 3671 843 3766 indie,
898 3687 1009 3738 aut
1060 3670 1471 3758 utilitatem3
1510 3689 1844 3762 eumque,
1880 3669 2003 3739 cui
2050 3671 2366 3738 concilies
2414 3671 2595 3740 hunc
2627 3689 2980 3753 amorem,
3037 3667 3238 3754 figni-

211 3775 393 3846 fices
447 3774 610 3839 nihil
666 3771 747 3838 ad
794 3773 1147 3838 utilitatem
1213 3771 1407 3842 suam
1456 3773 1743 3843 retuliss‘e
1782 3825 1805 3856 ,
1860 3791 1939 3838 ac
1983 3771 2156 3839 nihil
2199 3774 2492 3840 :omnino
2562 3772 2778 3839 feciffe
2824 3767 3024 3840 causa
3073 3766 3236 3834 sua.

210 3877 575 3944 Invidetur
624 3875 810 3944 enim
858 3871 1239 3940 commodis
1300 3873 1663 3940 hominum
1711 3872 2004 3960 ipsorum
2043 3895 2064 3959 ;
2136 3871 2373 3940 studiis
2424 3890 2658 3940 autem
2693 3894 2936 3940 eorum
2979 3867 3238 3938 caeterir

206 3975 700 4046 commodandi
776 3975 1041 4041 favetur
1078 4022 1095 4038 .
1164 3973 1695 4064 Videndumque
1748 3973 1887 4042 hoc
1960 3974 2113 4043 loco
2146 3973 2295 4059 est,
2345 3995 2432 4040 ne
2461 4026 2482 4059 ,
2529 3997 2700 4063 quos
2749 3972 2834 4040 ob
2887 3967 3229 4040 benefaaa

206 4077 409 4166 diligi
488 4077 793 4144 volemus
826 4127 853 4160 ,
898 4093 1135 4141 eorum
1186 4075 1459 4142 laudem
1520 4091 1725 4165 atque
1778 4075 2066 4164 gloriam
2112 4127 2135 4160 ,
2181 4075 2291 4142 cui
2334 4076 2646 4143 maxime
2693 4075 2972 4151 invideri
3019 4068 3233 4154 solet,

208 4181 425 4246 nimis
478 4175 711 4244 efferre
764 4174 1145 4244 videamur.
1195 4179 1427 4264 Atque
1468 4175 1709 4243 ‘iisdem
1750 4177 1862 4244 his
1907 4197 1999 4244 ex
2052 4176 2218 4243 locis
2277 4177 2349 4244 δε
2391 4177 2638 4244 -odium
2689 4177 2760 4243 in
2809 4176 2977 4244 alios
3017 4169 3234 4237 :strue-

208 4299 289 4346 re
338 4277 730 4362 discemuS,
778 4277 851 4346 δε
908 4299 954 4342 a
1002 4273 1241 4361 nobi3‚
1284 4295 1367 4344 ac
1421 4275 1699 4359 nostris,
1744 4276 2127 4344 dimovere.
2183 4274 2561 4365 Eademque
2605 4277 2756 4344 haec
2797 4293 3051 4366 genera
3099 4287 3239 4336 tra·

208 4379 475 4449 &anda
537 4375 687 4446 sunt
744 4379 812 4444 in
865 4376 1215 4444 iracundia
1264 4374 1371 4440 vel
1424 4374 1816 4461 excitanda,
1854 4375 1969 4444 vel
2027 4374 2360 4444 sedanda.
2403 4381 2600 4444 'Nam
2653 4377 2702 4445 fi
2743 4429 2768 4466 ,
2805 4376 2995 4468 quod
3041 4371 3243 4461 iplis·‚

209 4482 331 4583 qui
390 4475 683 4548 audiunt
722 4531 745 4564 ,
812 4473 1301 4566 perniciosum,
1338 4493 1467 4542 -aut
1521 4476 1755 4544 inutile
1802 4475 1883 4544 fit
1922 4529 1949 4562 ,
2003 4476 2073 4543 id
2126 4475 2380 4544 fastum
2437 4497 2726 4568 augeam,
2775 4479 3004 4548 odium
3049 4489 3242 4540 crea·
3363 4469 3368 4480 '

214 4597 374 4652 tur:
432 4596 471 4672 (
504 4585 653 4669 61)
706 4579 845 4666 fin,
892 4579 1071 4669 quod
1118 4594 1236 4650 aut
1281 4577 1357 4648 in
1405 4576 1623 4646 bonos
1681 4576 1901 4664 viros,
1950 4592 2064 4648 aut
2110 4585 2186 4646 in
2237 4596 2396 4668 eoS,
2447 4579 2518 4648 in
2568 4599 2744 4672 quos
2781 4579 3060 4672 quisque
3108 4570 3234 4636 mi·

2951 4679 3138 4746 nime

226 4850 3234 4922 m

282 4974 451 5032 (61)
502 4971 599 5024 Sin
624 5007 641 5033 ,
698 4965 844 5043 quod
877 4981 986 5019 aut
1024 4971 1084 5021 in
1124 4968 1289 5025 bones
1326 4973 1478 5026 w'ns
1516 4972 1627 5024 dcc·
1664 4969 1693 5030 )
1782 4961 1865 5024 {fic
1890 4959 2165 5030 toi-tigit:
2207 4963 2306 5018 Sin
2327 4999 2346 5026 ,
2373 4959 2521 5044 quod
2555 4975 2664 5015 aar
2697 4955 2851 5014 lonis
2889 4959 3030 5012 viris
3051 4991 3076 5020 ,
3136 4967 3246 5014 aue

202 5037 437 5100 'Vitiosa
504 5053 655 5098 certe
706 5035 787 5098 est
820 5034 1097 5097 sententia
1142 5079 1160 5108 ,
1212 5057 1367 5116 quam
1400 5031 1691 5102 Lambinus
1781 5039 1859 5095 iis
1894 5053 2026 5110 quos
2054 5029 2282 5108 quisque
2311 5039 2546 5148 minime
2577 5025 2766 5086 Iden
2799 5025 3051 5086 debuerit
3063 5040 3242 5160 ’,ὧν
