4359 6321
704 411 2606 569 LIBERSEGUNDUs.
2925 512 3104 607 217

212 590 536 679 colonuS,
588 589 1031 679 parciffimuS,
1080 583 1621 673 modestiffimus,
1670 585 2163 678 frugaliffimus
2235 598 2430 669 esset:
2487 602 2596 666 Me
2647 594 2914 681 istorum
2949 656 2973 691 ,
3019 618 3230 702 (47),

217 700 472 789 inquit,
524 688 697 760 nihil
742 692 1030 759 credere.

314 796 745 885 colliguntur
794 812 834 859 a
886 789 1133 858 Graecis
1184 788 1317 857 alia
1368 786 1741 875 nonnulla,
1788 794 2290 881 execrationes,
2337 797 2852 889 admirationes,
2903 804 3215 878 minatio·

213 920 329 971 nes
368 944 387 964 .
458 896 589 962 sed
656 892 795 962 haec
844 891 979 981 ipsa
1033 890 1234 958 nimis
1286 888 1449 957 mihi
1502 888 1731 959 videor
1780 887 1999 959 multa
2068 895 2139 962 in
2191 916 2440 985 genera
2507 900 2900 995 descripsisse
2937 954 2954 975 .
3025 912 3208 981 Nam

212 1000 375 1085 illa,
424 1018 567 1087 quae
616 994 799 1065 verbi
850 994 1107 1061 ratione
1161 993 1231 1061 &
1288 989 1355 1055 vi
1404 988 1877 1081 continentur,
1922 1008 2102 1063 certa
2156 996 2298 1064 fere
2349 1018 2432 1067 ao
2481 999 2754 1073 definita
2809 1006 3002 1077 sunt:
3057 1034 3204 1102 quae

214 1102 651 1193 plerumque,
693 1112 777 1163 ut
826 1108 981 1164 ante
1028 1094 1173 1162 dixi
1216 1144 1241 1179 ,
1291 1088 1550 1159 laudari
1602 1094 1823 1183 magis
1859 1147 1880 1183 ,
1928 1116 2136 1187 quam
2189 1096 2390 1165 rideri
2441 1097 2648 1171 solent
2676 1153 2695 1173 .

314 1202 477 1271 Haec
526 1215 799 1283 autem,
842 1218 995 1287 quae
1042 1192 1321 1269 suntin
1375 1212 1451 1261 re
1500 1195 1573 1264 &
1630 1195 1698 1260 in
1747 1196 1884 1284 ipsa
1936 1196 2251 1267 sententia
2289 1248 2312 1283 ,
2361 1199 2650 1287 partibus
2700 1202 2853 1273 sunt
2901 1208 3209 1281 innume.

211 1300 485 1389 rabilia,
537 1299 895 1391 generibus
944 1314 1189 1385 pauca.
1246 1291 1823 1381 Expectationibus
1870 1298 2053 1365 enim
2102 1298 2492 1387 decipiendis
2528 1354 2551 1391 ,
2607 1306 2680 1375 δε
2738 1311 2999 1377 naturis
3047 1312 3210 1381 afio-

210 1426 363 1473 rum
416 1399 763 1472 irridendis
799 1450 822 1487 ,
888 1398 1181 1488 ipsorum
1230 1392 1507 1463 ridicule
1557 1396 1931 1467 indicandis
1976 1451 1998 1486 ,
2068 1399 2139 1467 ὅτ
2199 1399 2624 1473 similitudine
2673 1408 2988 1496 turpioris
3037 1462 3058 1498 ,
3132 1414 3208 1482 8(

211 1506 727 1574 dissimulatione
767 1553 788 1587 ,
860 1502 929 1571 δε
988 1493 1377 1567 subabsurda
1425 1496 1704 1565 dicendo
1738 1550 1762 1584 ,
1830 1501 1899 1569 &
1958 1498 2155 1567 stulta
2207 1500 2736 1588 reprehendendo
2775 1560 2798 1597 ,
2847 1509 3016 1579 risus
3065 1532 3210 1583 mo-

210 1624 488 1676 ventur.
550 1606 785 1693 Itaque
836 1596 1227 1671 imbuendus
1274 1596 1369 1665 est
1420 1598 1520 1684 is,
1571 1599 1687 1688 qui
1741 1598 1955 1678 jocose
2008 1599 2155 1671 vult
2205 1602 2469 1690 dicere,
2515 1606 2698 1695 quali
2751 1626 2996 1679 natura
3043 1634 3207 1702 qua.

206 1708 365 1777 dam
416 1718 564 1794 apta
620 1705 701 1771 ad
740 1703 887 1773 haec
934 1720 1178 1793 genera
1220 1752 1245 1786 ,
1304 1700 1375 1768 ὅτ
1430 1701 1773 1788 moribus,
1823 1718 1899 1771 ut
1948 1701 2034 1770 ad
2087 1700 2410 1793 cujusque
2461 1706 2640 1775 modi
2692 1730 2906 1799 genus
2955 1710 3208 1783 ridicu-

212 1808 265 1876 li
320 1806 549 1876 vultus
592 1806 795 1875 etiam
844 1802 1384 1875 accommodetur
1434 1823 1459 1862 τ
1516 1803 1630 1889 qui
1680 1806 1949 1893 quidem
2000 1824 2139 1895 quo
2191 1804 2470 1873 stverior
2517 1806 2614 1876 est
2668 1813 2740 1882 &
2795 1811 3079 1903 tristior,
3131 1832 3208 1883 ut

214 1909 284 1974 in
336 1924 446 1995 te,
492 1908 746 1994 Crasse,
792 1906 923 1975 hoc
974 1907 1094 1973 illa
1144 1956 1169 1991 ,
1218 1924 1363 1992 quae
1412 1900 1767 1993 dicuntur,
1814 1904 2083 1975 salfiora
2134 1905 2344 1973 videri
2399 1906 2647 1977 solent.

316 2007 443 2075 Sed
499 2010 631 2088 jam
674 2022 745 2076 tu
785 2060 809 2094 ,
860 2007 1118 2077 Antoni
1156 2042 1183 2093 ,-
1227 2004 1345 2094 qui
1392 2002 1523 2071 hoc
1574 2004 1933 2074 diversorio
1984 2006 2306 2075 sermonis
2361 2013 2502 2094 (48
2531 2018 2564 2093 j
2615 2014 2760 2102 (⁴2)
2815 2014 2944 2083 mei
3003 2012 3210 2083 liben-

212 2121 315 2177 ter
368 2111 830 2196 acquieturum
900 2126 963 2175 te
1030 2109 1155 2175 effe
1203 2102 1483 2191 dixisti,
1550 2120 1879 2196 tanquam
1945 2108 2015 2175 in
2070 2108 2432 2177 Pontinum
2501 2110 2854 2181 diverteris
2895 2179 2916 2212 ‚
2987 2134 3206 2205 neque

206 2226 561 2275 amoenum
603 2262 626 2295 ,
677 2230 891 2299 neque
942 2208 1273 2277 salubrem
1322 2205 1555 2274 locum
1595 2260 1619 2295 ,
1684 2209 1924 2279 censeo
1974 2224 2051 2279 ut
2106 2206 2266 2275 satis
2316 2207 2430 2276 diu
2479 2214 2544 2279 te'
2594 2230 2786 2299 putes
2842 2215 3150 2305 requieffe
3187 2268 3209 2303 ,

208 2310 285 2381 &t
335 2308 467 2377 iter
514 2312 855 2401 reliquum
904 2311 1234 2381 conficere
1286 2326 1564 2397 pergas.
1618 2312 1767 2399 Ego
1812 2332 2019 2397 vero,
2066 2325 2268 2398 atque
2307 2309 2518 2378 hilare
2567 2314 2935 2402 quidem'a
2985 2330 3050 2383 te
3101 2337 3209 2383 ac-

202 2422 486 2499 eeptus,
535 2412 799 2503 inquit,
848 2416 921 2485 δι
978 2433 1138 2481 cum
1192 2408 1443 2478 <lenior
1494 2428 1607 2497 per
1658 2426 1766 2498 te,
1822 2428 1972 2480 tum
2022 2412 2230 2479 etiam
2279 2411 2593 2481 audacior
2649 2414 2865 2484 faaus
2915 2414 3063 2484 sum
3115 2416 3204 2485 ad

204 2510 606 2591 iocandum.
658 2518 816 2585 Non
862 2516 1047 2583 enim
1102 2532 1329 2581 vereor
1369 2562 1391 2597 ,
1440 2530 1529 2576 ne
1580 2512 1727 2601 quis
1782 2535 1891 2581 me
1938 2518 2013 2583 in
2068 2512 2190 2581 isto
2239 2532 2484 2601 genere
2535 2513 2847 2585 leviorem
2901 2518 3034 2595 jam
3089 2539 3211 2605 pu-

202 2629 301 2682 tet
341 2666 365 2701 ,
413 2616 733 2708 quoniam
772 2618 1055 2707 quidem
1104 2630 1179 2683 tu
1234 2609 1571 2679 Fabricios
1624 2614 1793 2683 mihi
1845 2615 2188 2700 austeres,
2237 2614 2311 2682 &
2369 2612 2769 2703 Africanos,
2821 2620 3208 2706 Maximm,

204 2720 503 2787 Catones
540 2770 561 2805 ,
616 2718 907 2806 Lepidos
957 2714 1317 2807 protulisti.
1370 2711 1498 2779 Sed
1548 2712 1807 2783 habetis
1862 2738 1937 2787 ea
1976 2770 1999 2805 ,
2050 2736 2196 2806 quae
2249 2712 2543 2783 voluistis
2593 2738 2680 2785 ex
2737 2736 2846 2785 me
2901 2716 3132 2785 audire
3186 2768 3212 2805 ,

202 2816 289 2884 de
340 2816 576 2907 quibus
623 2818 891 2909 quidem
942 2820 1321 2888 accuratius
1349 2810 1731 2882 dicendum
1784 2819 1856 2887 δε
1930 2813 2365 2908 cogitandum
2453 2816 2582 2884 fuit
2623 2864 2642 2883 .
2717 2822 2898 2886 Nam
2953 2834 3207 2886 'caetera

204 2919 499 2987 faciliora
552 2918 743 3006 sunt,
788 2938 996 3012 atque
1045 2942 1133 2986 ex
1178 2919 1306 3002 iis,
1356 2936 1497 3004 quae
1551 2914 1689 2993 jam
1740 2916 1915 2987 dista
1950 2920 2154 3003 sunt,
2205 2916 2466 3008 reliqua
2517 2917 2888 2988 nascuntur
2939 2920 3205 2987 omnia.

306 3024 589 3089 Lxxn.
646 3024 791 3111 Ego
842 3023 1023 3090 enim
1072 3040 1235 3090 cum
1286 3016 1367 3084 ad
1414 3017 1687 3087 causam
1741 3018 1892 3101 sum
1944 3018 2280 3113 aggressus
2327 3072 2352 3106 ,
2402 3034 2598 3111 atque
2645 3024 2874 3089 omnia
2911 3022 3212 3109 cogitan-

198 3119 335 3208 do,
386 3121 599 3211 quoad
652 3121 867 3190 facere
918 3124 1154 3210 potui,
1204 3117 1580 3207 persecutus
1622 3146 1643 3211 ;
1690 3140 1858 3194 ‘curn
1908 3126 2440 3211 &‘argnmenta
2489 3120 2704 3192 causae
2741 3175 2763 3211 ,
2813 3125 2888 3194 ὅ(
2945 3142 3058 3190 eos
3109 3122 3208 3192 lo·

202 3243 373 3305 cos,
422 3220 661 3309 quibus
716 3223 925 3287 animi
984 3223 1286 3300 judicum
1326 3220 1779 3290 conciliantur
1816 3279 1839 3312 ‚
1890 3229 1959 3296 &
2017 3224 2214 3308 illos,
2255 3219 2504 3310 quibus
2554 3241 3067 3310 permoventur,
3117 3225 3214 3291 vi·

206 3323 281 3388 di
332 3335 531 3408 atque
578 3320 926 3408 cognovit
1000 3337 1151 3389 tum
1201 3315 1540 3385 constituo
1587 3372 1609 3407 ,
1676 3327 1833 3410 quid
1881 3324 2119 3390 habeat
2188 3340 2461 3410 quaeque
2511 3321 2712 3388 causa
2766 3321 2916 3387 boni
2959 3374 2980 3405 ‚
3049 3321 3214 3409 quid

212 3419 425 3488 mali.
476 3417 684 3487 Nulla
722 3419 920 3489 enim
972 3421 1110 3490 sere
1158 3439 1265 3485 res
1318 3417 1524 3506 potest
1574 3421 1641 3486 in
1694 3423 1952 3496 dicendi
2001 3419 2541 3509 disceptationem
2577 3471 2602 3506 ,
2653 3436 2769 3486 aut
2821 3436 3214 3488 controver-

206 3521 373 3590 fiam
432 3520 692 3609 vocari,
736 3543 891 3614 quae
942 3543 1079 3590 non
1131 3517 1371 3589 habeat
1420 3533 1821 3613 utrumque:
1877 3521 1987 3591 sed
2036 3535 2370 3612 quantum
2417 3518 2696 3607 habeat,
2747 3519 2812 3587 id
2863 3519 3108 3588 refert.

310 3623 468 3689 Mea
516 3639 741 3690 autem
794 3624 963 3691 ratio
1010 3619 1411 3690 indicendo
1456 3619 1599 3690 haec
1650 3625 1773 3692 effe
1824 3621 1989 3692 sol‘et
2026 3675 2049 3711 ,
2122 3638 2196 3694 ut
2232 3673 2257 3708 ,
2323 3619 2478 3688 boni
2545 3621 2730 3710 quod
2781 3619 3018 3692 habeat
3053 3673 3078 3708 ,
3145 3620 3212 3689 id

202 3722 620 3811 ampleEtar,
664 3744 1034 3811 exornem,
1084 3739 1496 3813 exaggerem
1533 3749 1561 3810 ,-
1618 3721 1701 3792 ibi
1751 3745 2124 3794 commorer
2152 3779 2175 3814 ,
2229 3722 2316 3791 ibi
2365 3719 2702 3809 habitem,
2751 3719 2835 3790 ibi
2882 3711 3210 3792 haeream':

198 3843 247 3892 a
300 3826 487 3892 malo
538 3841 761 3894 autem
810 3825 1103 3916 vitioque
1154 3823 1365 3893 causae
1416 3826 1508 3892 ita
1556 3828 1865 3894 recedam
1909 3879 1932 3916 ,
1994 3848 2131 3894 non
2205 3839 2280 3893 ut
2329 3823 2397 3891 id
2453 3843 2561 3898 me
2611 3821 2941 3913 defugere
3009 3841 3208 3914 appa·-

198 3941 402 4014 reat,
474 3924 583 3993 sed
634 3941 708 3996 ut
756 3939 974 3996 totum
1030 3923 1199 3993 bono
1246 3925 1367 3993 illo
1414 3927 1717 3994 ornando
1754 3979 1777 4014 ,
1830 3930 1903 3999 ὅ(
1960 3928 2268 4018 augendo
2315 3924 2798 3996 diffimulatum
2847 3923 3206 4000 obruatur.

200 4029 334 4118 Et,
385 4025 436 4094 fi
484 4025 680 4096 causa
728 4027 823 4096 est
870 4029 943 4098 in
995 4021 1457 4118 argumentis,
1506 4027 1875 4099 firmiffima
1924 4051 2200 4123 quaeque
2251 4027 2548 4098 maxime
2597 4041 2832 4114 tueor,
2881 4027 3016 4096 live
3064 4027 3212 4116 plu-

406 4129 581 4196 Tom.
634 4133 690 4194 1.
1548 4147 1561 4158 ·
2307 4133 2422 4198 Ee
3031 4149 3108 4196 ra

236 4327 3212 4400 w

276 4499 439 4568 (47)
481 4506 576 4558 Me
604 4499 830 4630 ‘ullorum
856 4509 887 4566 )
923 4501 993 4562 Id
1030 4499 1106 4558 est
1130 4544 1149 4568 ,
1182 4500 1328 4560 dicat
1364 4502 1506 4576 patri
1528 4501 1658 4569 suo,
1759 4495 1857 4562 hic
1893 4497 2121 4562 Caesar3
2157 4517 2216 4554 ac
2253 4493 2432 4576 vereri
2468 4492 2522 4574 se
2556 4491 2734 4574 dicit,
2771 4515 2841 4576 ne
2881 4497 2947 4555 sit
2984 4497 3214 4556 inance«

196 4585 293 4627 ane
342 4589 463 4628 non
510 4591 604 4630 cre
644 4576 756 4648 ere}
786 4573 973 4646 ipsum
1026 4573 1189 4630 talem
1240 4573 1343 4632 effe
1378 4614 1395 4640 ,
1446 4575 1659 4645 qualern
1761 4591 1895 4632 num
1948 4570 2055 4631 hoc
2094 4568 2352 4648 sermoms
2409 4567 2492 4624 sm
2530 4565 2896 4626 diversorium
2921 4611 2940 4635 ‚
2980 4567 3070 4626 sed
3107 4589 3214 4640 ΡΟ·

198 4638 510 4712 praedicatis
545 4684 566 4711 ,
612 4641 819 4703 scilicet
874 4642 1237 4719 parciffimum
1264 4689 1283 4714 ,
1334 4643 1661 4706 modelhffi-
1758 4646 1867 4703 tius
1903 4643 2076 4704 fimile
2126 4645 2488 4723 Pontinsrum
2543 4637 2840 4709 paludum,
2889 4639 3210 4710 injucunda.

198 4729 395 4782 mum,
430 4713 869 4786 frugaliffimum.
916 4722 1207 4777 Pearciur.
1760 4735 1881 4775 rum
1912 4757 1931 4782 ,
1982 4735 2040 4774 ac
2074 4733 2310 4774 minime
2367 4711 2654 4775 stlubrium
2691 4749 2708 4767 .
2746 4711 3029 4770 Caeterum
3061 4713 3210 4791 quod

273 4790 435 4858 (48)
473 4797 587 4846 Hoc
624 4790 923 4861 diversorio
946 4789 1261 4860 sermonis)
1292 4793 1417 4864 Qua
1452 4785 1660 4848 sermo-
1763 4789 1824 4846 in
1864 4787 2141 4862 plerisque
2176 4784 2512 4867 editionibus
2533 4781 2802 4866 sermonis
2841 4787 2930 4860 tui
2969 4782 3170 4862 legitur
3189 4827 3212 4854 ,

195 4873 333 4914 nem
369 4855 673 4917 absolverat
730 4862 1013 4921 Antonius
1056 4862 1378 4935 metaphora
1414 4881 1529 4934 cap.
1572 4879 1657 4933 57.
1762 4861 2025 4919 mendum
2077 4879 2196 4922 non
2246 4857 2544 4916 dubntamus
2581 4895 2602 4922 ι
2654 4873 2712 4914 ut
2767 4873 2834 4910 ex
2872 4869 3050 4908 tlt-itis
3083 4874 3210 4914 mox

194 4927 428 5002 defeffias
477 4938 600 5001 jam
636 4931 819 4992 labm
875 4949 1047 5010 atque
1100 4939 1295 4992 itinere
1330 4933 1661 5008 desputaeioa
1764 4932 2007 4992 Antonii
2046 4933 2226 4990 verbis
2265 4928 2454 5008 yidere
2490 4926 2600 4984 est.
2639 4923 2926 4992 Prusteus.
3015 4992 3026 5004 ·

196 5006 292 5058 nis
314 5042 331 5068 ,
368 5001 703 5078 requiescam
738 5011 799 5065 in
840 5009 1061 5077 casaris
1092 5003 1379 5075 sermone,
1414 5004 1573 5080 quali
1602 5010 1664 5064 ἐκ
1842 5011 1955 5072 (⁴¹)
1994 5009 2107 5062 Mu·
2144 5009 2175 5072 )
2213 5001 2358 5060 νιᾶ.
2395 4991 3050 5065 ἱαηὼοῦῐῑῑῐομηῦθῦΰ
3085 5001 3216 5058 tm'·

204 5075 408 5152 aliquo
442 5085 827 5154 peropportuno
862 5074 1160 5142 deversorio
1186 5117 1209 5148 ‚
1242 5076 1427 5138 eadem
1460 5075 1668 5138 definit
