4359 6321
753 474 2588 617 L1ssERssscUNvum
2923 524 3094 622 mg

562 642 571 649 .
666 590 797 675 Ista
850 594 1125 661 multer?
1182 604 1380 662 Uxor.
1430 596 1695 663 ,ὑηνία
1752 601 2004 667 medius
2044 601 2251 683 fidius
2305 617 2552 695 (33).
2629 609 2700 677 ὅ(
2773 663 2780 672 ,

661 697 999 781 ,Quamdiu
1054 697 1141 763 ad
1188 718 1393 783 aquas
1446 706 1643 785 (34)
1680 698 1873 787 fuit,
1920 722 2248 789 nunquam
2296 707 2380 788 est
2433 727 2756 788 mortuus.

354 892 678 965 valii.
730 898 959 963 Genus
1010 894 1132 961 hoc
1184 896 1402 963 levius
1444 946 1465 983 ,
1530 900 1601 968 δε
1648 946 1671 983 ,
1732 917 1809 968 ut
1861 900 2061 987 dixi,
2130 904 2484 975 mimicum
2529 935 2552 997 ;
2620 910 2730 978 sed
2801 912 2992 980 habet
3062 934 3228 983 non-

250 1014 598 1087 nunquam
650 994 897 1085 aliquid
946 995 1157 1063 etiam
1198 998 1367 1083 apud
1422 1018 1544 1065 nos
1594 999 1719 1067 loci
1754 1053 1779 1085 ,
1826 1016 1899 1067 ut
1952 1002 2057 1071 vel
2108 1024 2250 1071 non
2305 1007 2536 1075 stultus
2589 1015 2768 1098 quali
2823 1014 3014 1085 stulte
3065 1038 3226 1084 cum

250 1098 385 1165 lale
432 1098 607 1165 dicat
658 1096 953 1186 aliquid:
1006 1112 1081 1163 ut
1130 1094 1313 1191 tibi-2,
1388 1099 1705 1183 Antoni,
1756 1102 2023 1169 Mancia
2063 1155 2086 1189 ,
2134 1126 2292 1171 cum
2345 1106 2610 1173 audisset
2679 1128 2746 1177 te
2797 1113 3132 1185 censorem
3185 1136 3224 1181 a

248 1200 346 1265 Μ.
404 1196 705 1265 Duronio
758 1198 844 1263 de
894 1193 1140 1263 ambitu
1196 1197 1644 1284 postulatum,
1698 1200 2101 1285 Aliquando,
2153 1206 2370 1293 inquit
2409 1255 2430 1291 ,
2496 1207 2622 1273 tibi
2671 1227 2855 1277 tuum
2905 1224 3224 1299 negotium

250 1314 449 1386 (35)
504 1318 687 1385 agere
743 1296 1006 1363 licebit.
1056 1296 1276 1365 Valde
1324 1298 1465 1367 haec
1520 1300 1859 1386 ridentur,
1908 1304 1979 1371 ὃ(
2034 1302 2303 1371 hercule
2347 1305 2616 1391 omnia,
2665 1330 2804 1397 quae
2861 1330 2898 1376 a
2939 1313 3226 1398 pruden-

244 1396 454 1485 tibuS‚
500 1396 683 1488 quali
735 1418 846 1485 pei·
888 1396 1479 1475 diffiniulationem
1530 1420 1665 1469 non
1721 1402 2139 1489 intelligendi
2179 1455 2203 1487 ‚
2271 1402 2654 1473 subabsurde
2691 1460 2714 1493 ,
2783 1408 3070 1501 salseque
3121 1412 3228 1479 di..

248 1512 535 1567 cuntur.
590 1502 691 1561 Ex
742 1518 879 1586 quo
930 1516 1171 1585 genere
1220 1496 1313 1563 est
1363 1498 1560 1565 etiam
1605 1552 1625 1585 ,
1696 1521 1831 1569 non
1882 1504 2085 1571 videri
2158 1505 2534 1591 intelligere
2584 1508 2758 1595 quod
2807 1511 3144 1599 intelligas
3199 1536 3218 1577 z

242 1618 317 1667 ut
372 1596 760 1680 Pontidius,
807 1598 1085 1684 ,Qualem
1135 1598 1471 1675 existimas
1516 1652 1539 1683 ‚
1614 1610 1724 1685 qui
1774 1611 1841 1667 in
1896 1606 2210 1671 adulterio
2262 1602 2742 1689 deprehenditur
2783 1612 2819 1671 ,ι’
2887 1613 3150 1677 tardum
3199 1658 3218 1678 .

242 1708 338 1769 Ut
389 1720 517 1789 ego
556 1750 577 1785 ,
644 1699 755 1787 qui
806 1698 873 1763 in
920 1697 1177 1765 deleeku
1214 1748 1237 1781 ‚
1306 1698 1583 1767 Metello
1638 1712 1663 1785 (
1713 1709 1801 1785 36
1848 1712 1935 1789 ),
2008 1724 2167 1771 cum
2235 1702 2726 1772 excusationem
2777 1711 3130 1777 oculorum
3181 1730 3222 1777 a

243 1822 353 1868 me
410 1822 543 1867 non
596 1799 955 1884 acciperet,
1006 1800 1077 1869 ὃ(
1132 1798 1385 1867 dixiss'et
1426 1850 1449 1882 ‚
1498 1806 1589 1865 Tu
1644 1810 1845 1886 igitur
1892 1800 2061 1869 nihil
2106 1804 2343 1873 vides?
2393 1808 2524 1891 Ego
2577 1826 2726 1872 vero
2763 1858 2786 1892 ‚
2867 1810 3142 1897 inquam
3195 1860 3222 1897 ‚

238 1924 283 1965 a
330 1917 515 1985 porta
563 1899 913 1983 Exquilina
962 1901 1144 1965 video
1194 1897 1433 1963 villam
1482 1920 1662 1965 tuam
1701 1948 1718 1965 .
1789 1906 1883 1967 Ut
1934 1903 2102 1971 illud
2156 1902 2406 1971 Nasicae
2445 1956 2464 1989 ,
2532 1907 2644 1994 qui
2712 1930 2870 1975 cum
2939 1908 3017 1973 ad
3068 1931 3220 1997 poe-

247 2014 385 2065 tam
441 1999 732 2065 Ennium
787 1998 1086 2085 venisset,
1134 1998 1321 2086 eique
1376 1998 1457 2065 ab
1504 1999 1665 2067 ostio
1716 2006 2024 2089 quaerenti
2084 2006 2418 2094 Ennium,
2475 2008 2718 2075 ancilla
2771 2008 3057 2094 dixiffet,
3107 2008 3224 2075 do-

240 2099 334 2164 mi
386 2118 524 2166 non
576 2100 740 2185 effe‚·
794 2097 1030 2165 Nasica
1086 2097 1327 2181 sensit¹
1368 2098 1559 2169 illam
1610 2098 1867 2167 domini
1914 2104 2081 2181 juflu
2126 2104 2358 2171 dixiss'e
2395 2156 2418 2189 ‚
2487 2109 2559 2175 &
2633 2090 2852 2173 illum⁴
2882 2109 3058 2177 intus
3123 2104 3219 2172 es-

237 2198 345 2265 ie.
399 2199 631 2265 Paucis
682 2197 816 2285 post
862 2196 1084 2265 diebus
1134 2219 1293 2267 cum
1345 2198 1425 2263 ad
1484 2200 1804 2267 Nasicam
1864 2203 2120 2269 venisset
2174 2204 2426 2270 Ennius
2465 2256 2488 2288 ‚
2557 2208 2628 2273 δι
2705 2227 2860 2275 eum
2931 2228 2968 2270 a
3019 2210 3220 2285 janua

235 2314 551 2387 quaereret
590 2350 611 2382 ‚
660 2297 991 2365 exclamat
1046 2298 1277 2367 Nafica
1323 2349 1345 2383 ‚
1398 2298 1462 2367 se
1512 2302 1687 2367 domi
1742 2322 1873 2367 non
1928 2302 2048 2369 effe
2086 2350 2103 2368 .
2172 2304 2358 2373 Turn
2407 2305 2664 2371 Ennius
2711 2358 2730 2391 ,
2795 2308 2976 2393 ,Quid
3017 2309 3054 2371 ἒ
3105 2328 3217 2393 ego

236 2420 353 2467 non
402 2397 689 2485 cognosco
734 2419 955 2465 vocem
988 2452 1011 2485 ‚
1066 2398 1281 2487 inquit
1322 2408 1573 2483 ,ruam
1611 2402 1647 2463 ?
1702 2404 1835 2469 Hic
1886 2402 2121 2469 Nasica
2161 2455 2186 2489 ,
2255 2410 2448 2469 Homo
2498 2424 2568 2469 es
2621 2400 2956 2493 impudenssr
2995 2452 3014 2471 .
3083 2412 3220 2491 Ego

232 2520 381 2564 cum
434 2517 495 2567 te
547 2520 899 2585 qua-rerem
938 2551 961 2587 ‚
1028 2497 1283 2566 ancillae
1335 2518 1463 2565 tuae
1516 2501 1762 2570 credidi
1816 2520 1877 2568 te
1928 2505 2100 2586 domi·
2152 2524 2270 2571 non
2323 2500 2435 2589 effe
2471 2554 2494 2589 ,
2558 2522 2628 2569 tu
2685 2504 2847 2571 mihi
2917 2523 3031 2571 non
3083 2526 3220 2597 cife-

228 2602 339 2667 dis
392 2596 557 2689 ipſs?

332 2699 445 2765 Est
494 2700 747 2767 bellum
792 2699 965 2770 illud
1038 2720 1297 2790 quoque
1338 2750 1361 2783 ‚
1430 2718 1515 2767 ex
1567 2722 1697 2790 quo
1747 2702 1801 2767 is
1840 2752 1863 2787 ‚
1934 2704 2045 2793 qui
2116 2703 2286 2770 dixit
2325 2756 2347 2789 ,
2417 2702 2716 2772 irridetur
2791 2706 2858 2771 in
2931 2726 3010 2771 eo
3079 2706 3218 2795 ipso

222 2820 527 2887 genere,
596 2800 772 2889 quod
818 2800 1045 2867 dixit:
1102 2818 1174 2867 ut
1214 2852 1237 2885 ‚
1302 2821 1461 2867 cum
1516 2806 1603 2884 Q.
1654 2803 1961 2889 Opimius
2010 2802 2376 2873 consularis
2416 2855 2439 2888 ‚
2507 2806 2620 2893 qui
2689 2802 3216 2875 adolescentulus

224 2901 407 2973 male
456 2900 755 2989 audiiset,
804 2900 1044 2969 festivo
1088 2898 1345 2969 homini
1396 2900 1617 2989 Egilio
1662 2955 1683 2990 ,
1754 2908 1867 2992 qui
1926 2904 2254 2974 videretur
2307 2902 2574 2973 mollior
2617 2958 2642 2993 ,
2691 2928 2811 2973 nec
2861 2907 3008 2977 effet
3048 2959 3068 2991 ,
3120 2908 3214 2973 di-

2967 3005 3101 3075 xis-

226 3199 3190 3272 m

310 3393 339 3453 (
358 3410 388 3462 3
396 3394 477 3463 3)
510 3391 721 3448 Similis
758 3391 971 3448 medius
992 3389 1169 3460 fidius
1200 3394 1229 3452 )
1269 3387 1505 3460 Quidam
1542 3409 1663 3447 cum
1768 3407 1827 3448 tu
1875 3388 2078 3450 cot-&us
2128 3385 2210 3447 est
2240 3432 2256 3455 ,
2302 3408 2363 3447 ut
2416 3385 2470 3446 se
2523 3388 2840 3447 defenderet
2889 3390 3220 3467 „omittere

226 3457 531 3518 ‘deformem
580 3466 635 3518 δε
690 3460 888 3520 soedam
940 3461 1220 3518 mulierem
1272 3459 1486 3516 videret
1524 3501 1543 3528 ,
1578 3459 1667 3517 in-
1768 3462 1945 3518 aliena
1982 3461 2198 3532 negotia
2233 3501 2249 3518 .
2300 3459 2464 3518 Vilus
2499 3461 2574 3515 est
2615 3460 2699 3516 illi
2755 3463 2964 3516 Mancia
2999 3458 3218 3530 quidam

232 3533 535 3602 terrogavit
592 3533 769 3589 virum
820 3531 912 3605 qui
964 3531 1147 3588 aderat
1202 3529 1287 3586 illi
1324 3528 1611 3601 perlimilis
1648 3550 1668 3589 a
1772 3530 2060 3602 gratulari,
2098 3530 2244 3603 qnod
2273 3529 2461 3588 defuis
2499 3529 2717 3608 tandein
2753 3529 3025 3608 negotiis,
3062 3548 3219 3600 quat,

230 3603 383 3673 Quid
434 3603 511 3662 est
562 3603 663 3660 tibi
702 3605 793 3659 ista
830 3603 1025 3661 mulier
1062 3608 1081 3659 Ξ
1134 3602 1333 3665 Soror,
1370 3620 1437 3658 an
1476 3619 1674 3672 cogna-
1776 3620 1837 3660 iit
1878 3602 2087 3676 publica
2124 3619 2332 3659 curaret
2361 3642 2378 3666 ‚
2427 3598 2728 3670 neglexisse
2768 3599 3076 3662 videbatur,
3124 3598 3210 3656 se·-

229 3680 325 3731 ta?
364 3675 515 3732 Cum
550 3672 944 3745 respondiflet,
982 3692 1121 3730 uxor
1154 3671 1231 3727 est
1268 3689 1411 3727 inea:
1452 3690 1566 3729 tum
1606 3671 1677 3728 11-
1778 3674 1863 3730 rio
1902 3671 2001 3744 ‘ipsi
2040 3674 2274 3743 cogitare
2317 3671 2504 3728 liceret
2537 3710 2552 3725 .
2609 3674 2816 3728 Verum
2854 3672 2984 3726 clam
3021 3687 3212 3739 argue-

226 3746 319 3808 le,
358 3745 574 3802 Similis
626 3744 698 3814 est
733 3747 837 3801 tibi·
884 3746 1099 3802 medius
1117 3740 1296 3813 fidius
1326 3779 1343 3798 .
1384 3746 1467 3800 Ac
1507 3741 1545 3799 fl
1584 3743 1673 3800 di-
1774 3745 1863 3801 bat
1899 3743 1987 3802 his
2024 3744 2204 3802 verbis
2255 3743 2470 3800 nimiam
2524 3741 2674 3800 illius
2713 3741 2770 3798 in
2827 3739 2998 3818 aliena
3019 3759 3092 3818 ‚re
3131 3739 3214 3798 se-

228 3834 377 3872 cet-et
418 3857 436 3880 ,
490 3822 574 3874 Ex
625 3815 969 3872 lineamentis
1018 3814 1263 3884 corporis
1313 3813 1671 3880 judicaveram
1776 3815 2059 3872 veritatem
2096 3813 2545 3886 &diligentiam5
2586 3812 2976 3882 negligentiam
3013 3808 3216 3870 insuti.

228 3905 375 3944 tuam
412 3885 655 3944 sororem
690 3887 790 3943 efle
814 3927 831 3952 ,
862 3885 951 3942 vel
988 3902 1305 3956 cognatam«
1344 3887 1471 3942 Hoc
1504 3883 1675 3941 modo
1766 3885 2065 3956 kustau.

226 3957 397 4015 facete
448 3956 665 4016 notavit
724 3955 871 4014 illius
926 3953 1035 4015 viri
1086 3951 1389 4011 soeditatem
1424 3993 1445 4010 0
1513 3963 1668 4012 Stre·
1842 3961 2001 4030 (36)
2038 3957 2320 4022 Metello)
2375 3955 2661 4013 Metellum
2717 3951 2863 4010 hunc
2915 3949 3026 4008 esse
3074 3971 3220 4025 puto

228 4029 405 4084 baus-
1040 4047 1047 4054 ·
1094 4093 1105 4104 ⁶
1768 4027 2118 4086 Numidicum
2152 4067 2170 4092 ,
2225 4028 2317 4099 qui
2357 4028 2674 4086 Numidiam
2711 4024 2942 4081 sortitus
2975 4025 3212 4096 pruvin-

298 4104 459 4172 (34)
494 4098 839 4174 Adaquas‘)
870 4101 1053 4169 Aquas·
1090 4115 1149 4156 in
1184 4095 1385 4168 plurali
1424 4112 1547 4153 cum
1581 4095 1669 4154 di-
1764 4099 1903 4155 ciam
1943 4097 2091 4156 bello
2124 4097 2468 4173 Jugutthino
2506 4139 2522 4163 ,
2578 4097 2878 4158 deleflum‚
2934 4113 2994 4151 ut
3036 4097 3214 4153 Sallu-

226 4191 359 4229 cunt
398 4211 417 4236 ‚
466 4189 617 4242 aquas
654 4169 847 4226 calidas
881 4175 937 4226 δι
975 4167 1257 4226 meditatas
1306 4167 1665 4238 intelligunt,
1769 4169 1895 4228 stius
1932 4168 2117 4226 scribit
2158 4209 2175 4236 ‚
2229 4175 2424 4228 Rornae
2461 4168 2646 4226 habuit
2677 4188 2692 4224 ε
2751 4167 2810 4224 in
2848 4185 2960 4238 quo
2993 4168 3214 4240 petenti

216 4261 288 4301 ut
325 4245 537 4312 Baianas
572 4245 631 4297 &
668 4241 1016 4299 Puteolanas:
1056 4239 1187 4309 aegri
1226 4257 1399 4296 autem
1457 4238 1669 4294 valetu-
1768 4239 1987 4297 militiae
2030 4239 2369 4301 vacationem
2405 4239 2612 4300 Caesari
2649 4278 2666 4304 ,
2703 4237 3046 4308 morbumque
3078 4258 3218 4295 ocu-

222 4312 377 4371 dinis
412 4309 560 4370 causa
594 4309 661 4370 ad
695 4330 847 4383 aquas
882 4313 1101 4379 Bajanas
1142 4309 1289 4364 ibant
1322 4347 1339 4364 .
1376 4309 1671 4375 Horatius,
1770 4310 1959 4368 lorum
1983 4311 2228 4380 juranti,
2267 4321 2360 4369 Tu
2396 4317 2600 4381 igitur,
2641 4308 2822 4378 inquit
2861 4347 2880 4372 ‚
2929 4309 3076 4364 nihil
3113 4314 3212 4364 vi·-

220 4383 448 4514 {¹:322}
460 4381 668 4512 Ξὶιὲὲἷὲ,
686 4385 875 4511 ’Ἀᾶὶέ
882 4381 1023 4510 ³52?
1034 4377 1303 4509 4222}
1308 4397 1671 4506 ⁶32⁰d551¹¹ss²s2
1760 4381 1899 4508 {5:13
1950 4381 2093 4508 ἓξὲξ*
2133 4377 3076 4510 ἱῖἶῗώξῖῗὲἱῖ0ῖὶςέιήἓέῖὲἶίἶῖοῆ
3085 4388 3212 4506 «2ξά

222 4525 287 4586 se
326 4525 605 4586 videbatur
638 4565 657 4590 ‚
696 4495 867 4584 ’rever
898 4543 957 4584 us
1006 4522 1177 4603 paulo
1220 4520 1344 4594 post
1380 4519 1517 4577 obiit
1546 4560 1563 4578 .
1600 4520 1671 4580 ld
1772 4532 1947 4579 Immo
1982 4542 2109 4579 vero
2135 4561 2153 4587 ,
2213 4521 2392 4596 inquit
2429 4523 2524 4579 ille
2556 4563 2572 4586 ,
2612 4542 2655 4577 ι
2695 4534 2862 4594 porta
2893 4487 3212 4599 Exquilim?

224 4596 515 4656 absurdum
530 4593 711 4654 videri
752 4597 871 4656 vult
905 4593 1229 4659 cavillator,
1254 4591 1401 4666 quod
1420 4590 1484 4648 ad
1520 4609 1673 4664 aquas
1774 4593 1935 4649 video
1970 4593 2181 4649 villam
2204 4611 2382 4672 ‘tuam
2423 4592 2786 4672 ribai-sinain
2816 4632 2836 4650 .
2891 4596 2989 4671 In·
3013 4609 3122 4662 quo
3156 4607 3211 4647 ei

224 4669 415 4744 potius
454 4710 473 4736 ‚
526 4666 617 4724 ubi
656 4665 985 4726 valetudinis
1022 4664 1167 4723 caula
1208 4663 1409 4722 tamdiu
1446 4660 1673 4742 desede-
1771 4663 1974 4732 objecit
2034 4662 2310 4723 invidiose
2363 4665 2552 4722 villam
2601 4663 2763 4722 nimis
2814 4661 3152 4734 magnificam
3194 4697 3218 4725 ‚

226 4759 347 4808 rat,
386 4739 531 4798 mori
568 4736 849 4796 debuerit.
884 4739 975 4798 De
1010 4733 1279 4810 piscatore
1310 4733 1551 4805 intelligi
1584 4737 1672 4802 jo-
1772 4732 2044 4807 nimisque
2094 4735 2202 4792 alte
2251 4735 2562 4794 :edificatam
2597 4756 2616 4799 ‚-
2663 4739 2718 4791 ὃς
2753 4733 2884 4809 quid
2926 4748 3214 4802 agei-etur,

230 4831 356 4872 tum
392 4809 621 4871 minime
658 4807 875 4880 placet..
906 4809 1190 4868 Turnebus
1214 4847 1234 4863 .-
1776 4804 2135 4864 diffimuiavit
2158 4849 2173 4872 ,
2227 4827 2380 4880 atque
2421 4809 2494 4864 ita
2531 4804 2818 4883 respondit
2849 4844 2868 4869 ,
2903 4801 3044 4873 quasi
3083 4819 3210 4860 tan-

302 4889 329 4950 (
390 4889 469 4954 ς)
503 4889 698 4939 Tuum
733 4884 1015 4950 negotium
1039 4886 1069 4946 )
1103 4885 1232 4937 Erat
1268 4877 1549 4937 Antonius
1576 4875 1673 4934 ad·
1776 4895 1889 4936 tum
1944 4878 2372 4959 interrogaretur
2437 4895 2694 4950 quantuni
2763 4871 2981 4932 videret
3022 4911 3040 4938 ,
3087 4889 3210 4930 noia

234 4903 461 5016 m0d³um
500 4969 787 5032 occupatus
825 4951 885 5007 in
923 4948 1159 5022 gerenda
1195 4946 1443 5015 censura,
1478 4953 1534 5007 δε
1572 4967 1677 5028 rie-
1776 4967 1933 5022 quam
1967 4948 2103 5020 justa
2140 4947 2412 5009 excusttio
2447 4947 2616 5008 esset.
2653 4944 2982 5004 Turnebus.

238 5027 452 5098 gotium
496 5023 685 5082 multis
722 5020 989 5083 firceflebat
1012 5059 1027 5078 .
1078 5018 1364 5082 Accusatus
1399 5019 1469 5078 de
1503 5019 1675 5080 anibi-

4213 5242 4335 5270 'dn-
