<?xml version="1.0" encoding="UTF-8"?>
<!DOCTYPE html PUBLIC "-//W3C//DTD XHTML 1.0 Transitional//EN"
    "http://www.w3.org/TR/xhtml1/DTD/xhtml1-transitional.dtd">
<html xmlns="http://www.w3.org/1999/xhtml" xml:lang="en" lang="en">
 <head>
  <title>
</title>
<meta http-equiv="Content-Type" content="text/html;charset=utf-8" />
  <meta name='ocr-system' content='tesseract 3.04.00' />
  <meta name='ocr-capabilities' content='ocr_page ocr_carea ocr_par ocr_line ocrx_word'/>
</head>
<body>
  <div class='ocr_page' id='page_1' title='image "./operacumdelectu00dgoog_0309.png"; bbox 0 0 4359 6321; ppageno 0'>
   <div class='ocr_carea' id='block_1_1' title="bbox 150 451 3180 3302">
    <p class='ocr_par' dir='ltr' id='par_1_1' title="bbox 172 451 3166 951">
     <span class='ocr_line' id='line_1_1' title="bbox 174 451 3148 664; baseline -0.001 -22"><span class='ocrx_word' id='word_1_1' title='bbox 174 572 321 647; x_wconf 71' lang='lat' dir='ltr'>laxa</span> <span class='ocrx_word' id='word_1_2' title='bbox 374 568 567 641; x_wconf 82' lang='lat' dir='ltr'>modo</span> <span class='ocrx_word' id='word_1_3' title='bbox 616 562 963 658; x_wconf 74' lang='lat' dir='ltr'>paululum</span> <span class='ocrx_word' id='word_1_4' title='bbox 1014 571 1319 635; x_wconf 83' lang='lat' dir='ltr'>animum</span> <span class='ocrx_word' id='word_1_5' title='bbox 1358 616 1379 653; x_wconf 88' lang='lat'>,</span> <span class='ocrx_word' id='word_1_6' title='bbox 1428 580 1540 633; x_wconf 83' lang='lat' dir='ltr'>aut</span> <span class='ocrx_word' id='word_1_7' title='bbox 1592 562 1745 633; x_wconf 83' lang='lat' dir='ltr'>sane</span> <span class='ocrx_word' id='word_1_8' title='bbox 1784 618 1806 655; x_wconf 90' lang='lat'>,</span> <span class='ocrx_word' id='word_1_9' title='bbox 1872 570 1973 658; x_wconf 60' lang='lat' dir='ltr'>(fi</span> <span class='ocrx_word' id='word_1_10' title='bbox 2004 452 2210 658; x_wconf 56' lang='lat' dir='ltr'>{otes</span> <span class='ocrx_word' id='word_1_11' title='bbox 2237 451 2522 657; x_wconf 37' lang='lat' dir='ltr'>&gt;gibet-a</span> <span class='ocrx_word' id='word_1_12' title='bbox 2563 616 2582 638; x_wconf 88' lang='lat'>.</span> <span class='ocrx_word' id='word_1_13' title='bbox 2635 456 3148 664; x_wconf 53' lang='lat' dir='ltr'>Nemptgigitur</span> 
     </span>
     <span class='ocr_line' id='line_1_2' title="bbox 174 660 3152 762; baseline -0.003 -16"><span class='ocrx_word' id='word_1_14' title='bbox 174 676 315 746; x_wconf 84' lang='lat' dir='ltr'>hinc</span> <span class='ocrx_word' id='word_1_15' title='bbox 372 691 559 758; x_wconf 83' lang='lat' dir='ltr'>tum,</span> <span class='ocrx_word' id='word_1_16' title='bbox 606 668 979 757; x_wconf 84' lang='lat' dir='ltr'>Pomponi,</span> <span class='ocrx_word' id='word_1_17' title='bbox 1027 666 1260 737; x_wconf 62' lang='lat' dir='ltr'>duetus</span> <span class='ocrx_word' id='word_1_18' title='bbox 1314 666 1407 737; x_wconf 88' lang='lat' dir='ltr'>est</span> <span class='ocrx_word' id='word_1_19' title='bbox 1458 664 1673 736; x_wconf 89' lang='lat' dir='ltr'>sermo</span> <span class='ocrx_word' id='word_1_20' title='bbox 1703 720 1727 755; x_wconf 89' lang='lat'>,</span> <span class='ocrx_word' id='word_1_21' title='bbox 1770 670 1946 758; x_wconf 91' lang='lat' dir='ltr'>quod</span> <span class='ocrx_word' id='word_1_22' title='bbox 1994 686 2133 738; x_wconf 81' lang='lat' dir='ltr'>erat</span> <span class='ocrx_word' id='word_1_23' title='bbox 2187 689 2224 737; x_wconf 87' lang='lat' dir='ltr'>a</span> <span class='ocrx_word' id='word_1_24' title='bbox 2263 690 2370 739; x_wconf 87' lang='lat' dir='ltr'>me</span> <span class='ocrx_word' id='word_1_25' title='bbox 2421 660 2679 743; x_wconf 85' lang='lat' dir='ltr'>mentio</span> <span class='ocrx_word' id='word_1_26' title='bbox 2727 674 2944 762; x_wconf 61' lang='lat' dir='ltr'>fasta,</span> <span class='ocrx_word' id='word_1_27' title='bbox 2991 695 3152 743; x_wconf 75' lang='lat' dir='ltr'>cau·-</span> 
     </span>
     <span class='ocr_line' id='line_1_3' title="bbox 176 766 3166 868; baseline -0.001 -23"><span class='ocrx_word' id='word_1_28' title='bbox 176 774 301 845; x_wconf 59' lang='grc' dir='ltr'>βω</span> <span class='ocrx_word' id='word_1_29' title='bbox 364 772 663 851; x_wconf 76' lang='lat' dir='ltr'>Deiotari</span> <span class='ocrx_word' id='word_1_30' title='bbox 685 822 723 855; x_wconf 66' lang='lat'>„</span> <span class='ocrx_word' id='word_1_31' title='bbox 788 766 1137 841; x_wconf 84' lang='lat' dir='ltr'>fideliffimi</span> <span class='ocrx_word' id='word_1_32' title='bbox 1188 786 1385 859; x_wconf 82' lang='lat' dir='ltr'>atque</span> <span class='ocrx_word' id='word_1_33' title='bbox 1430 768 1667 857; x_wconf 85' lang='lat' dir='ltr'>optimi</span> <span class='ocrx_word' id='word_1_34' title='bbox 1714 774 1897 863; x_wconf 84' lang='lat' dir='ltr'>regis</span> <span class='ocrx_word' id='word_1_35' title='bbox 1946 822 1977 858; x_wconf 89' lang='lat'>,</span> <span class='ocrx_word' id='word_1_36' title='bbox 2036 768 2436 842; x_wconf 72' lang='lat' dir='ltr'>ornatissime</span> <span class='ocrx_word' id='word_1_37' title='bbox 2509 776 2582 845; x_wconf 77' lang='grc' dir='ltr'>δι</span> <span class='ocrx_word' id='word_1_38' title='bbox 2636 775 3056 868; x_wconf 82' lang='lat' dir='ltr'>copiofiffime</span> <span class='ocrx_word' id='word_1_39' title='bbox 3111 796 3166 843; x_wconf 63' lang='lat' dir='ltr'>m</span> 
     </span>
     <span class='ocr_line' id='line_1_4' title="bbox 172 866 2214 951; baseline -0.012 0"><span class='ocrx_word' id='word_1_40' title='bbox 172 882 391 951; x_wconf 84' lang='lat' dir='ltr'>Bruto</span> <span class='ocrx_word' id='word_1_41' title='bbox 440 894 547 949; x_wconf 88' lang='lat' dir='ltr'>me</span> <span class='ocrx_word' id='word_1_42' title='bbox 596 867 848 939; x_wconf 75' lang='lat' dir='ltr'>audisse</span> <span class='ocrx_word' id='word_1_43' title='bbox 900 866 1241 937; x_wconf 81' lang='lat' dir='ltr'>defensam</span> <span class='ocrx_word' id='word_1_44' title='bbox 1263 916 1281 936; x_wconf 85' lang='lat'>.</span> <span class='ocrx_word' id='word_1_45' title='bbox 2203 932 2214 941; x_wconf 63' lang='lat'>‚</span> 
     </span>
    </p>

    <p class='ocr_par' dir='ltr' id='par_1_2' title="bbox 163 967 3176 1773">
     <span class='ocr_line' id='line_1_5' title="bbox 258 967 3150 1066; baseline 0 -23"><span class='ocrx_word' id='word_1_46' title='bbox 258 980 396 1045; x_wconf 77' lang='lat' dir='ltr'>VI.</span> <span class='ocrx_word' id='word_1_47' title='bbox 442 974 631 1059; x_wconf 78' lang='lat' dir='ltr'>SciO,</span> <span class='ocrx_word' id='word_1_48' title='bbox 678 970 937 1062; x_wconf 89' lang='lat' dir='ltr'>inquit,</span> <span class='ocrx_word' id='word_1_49' title='bbox 991 968 1075 1037; x_wconf 87' lang='lat' dir='ltr'>ab</span> <span class='ocrx_word' id='word_1_50' title='bbox 1122 968 1241 1037; x_wconf 86' lang='lat' dir='ltr'>isto</span> <span class='ocrx_word' id='word_1_51' title='bbox 1290 968 1481 1039; x_wconf 86' lang='lat' dir='ltr'>initio</span> <span class='ocrx_word' id='word_1_52' title='bbox 1527 975 1821 1045; x_wconf 68' lang='lat' dir='ltr'>tractum</span> <span class='ocrx_word' id='word_1_53' title='bbox 1868 969 2003 1043; x_wconf 86' lang='lat' dir='ltr'>esse</span> <span class='ocrx_word' id='word_1_54' title='bbox 2056 967 2426 1041; x_wconf 82' lang='lat' dir='ltr'>sermonem</span> <span class='ocrx_word' id='word_1_55' title='bbox 2467 1022 2488 1058; x_wconf 89' lang='lat'>,</span> <span class='ocrx_word' id='word_1_56' title='bbox 2541 989 2737 1066; x_wconf 88' lang='lat' dir='ltr'>teque</span> <span class='ocrx_word' id='word_1_57' title='bbox 2791 978 2984 1047; x_wconf 81' lang='lat' dir='ltr'>Bruti</span> <span class='ocrx_word' id='word_1_58' title='bbox 3033 975 3150 1044; x_wconf 84' lang='lat' dir='ltr'>do-</span> 
     </span>
     <span class='ocr_line' id='line_1_6' title="bbox 163 1067 3159 1163; baseline -0.001 -14"><span class='ocrx_word' id='word_1_59' title='bbox 163 1080 419 1152; x_wconf 78' lang='lat' dir='ltr'>lentem</span> <span class='ocrx_word' id='word_1_60' title='bbox 467 1076 688 1144; x_wconf 83' lang='lat' dir='ltr'>vicem</span> <span class='ocrx_word' id='word_1_61' title='bbox 724 1124 749 1161; x_wconf 88' lang='lat'>,</span> <span class='ocrx_word' id='word_1_62' title='bbox 814 1068 997 1162; x_wconf 77' lang='lat' dir='ltr'>quasi</span> <span class='ocrx_word' id='word_1_63' title='bbox 1052 1067 1393 1141; x_wconf 75' lang='lat' dir='ltr'>deflevisse</span> <span class='ocrx_word' id='word_1_64' title='bbox 1446 1068 1839 1159; x_wconf 80' lang='lat' dir='ltr'>iudiciorum</span> <span class='ocrx_word' id='word_1_65' title='bbox 1895 1070 2258 1142; x_wconf 82' lang='lat' dir='ltr'>vastitatem</span> <span class='ocrx_word' id='word_1_66' title='bbox 2295 1124 2316 1160; x_wconf 94' lang='lat'>,</span> <span class='ocrx_word' id='word_1_67' title='bbox 2393 1074 2464 1143; x_wconf 77' lang='grc' dir='ltr'>δε</span> <span class='ocrx_word' id='word_1_68' title='bbox 2522 1073 2648 1143; x_wconf 87' lang='lat' dir='ltr'>fori</span> <span class='ocrx_word' id='word_1_69' title='bbox 2693 1124 2714 1143; x_wconf 91' lang='lat'><strong>.</strong></span> <span class='ocrx_word' id='word_1_70' title='bbox 2781 1078 2996 1163; x_wconf 86' lang='lat' dir='ltr'>Feci,</span> <span class='ocrx_word' id='word_1_71' title='bbox 3052 1079 3159 1146; x_wconf 88' lang='lat' dir='ltr'>in-</span> 
     </span>
     <span class='ocr_line' id='line_1_7' title="bbox 165 1169 3161 1272; baseline -0.005 -21"><span class='ocrx_word' id='word_1_72' title='bbox 165 1200 415 1272; x_wconf 78' lang='lat' dir='ltr'>quam,</span> <span class='ocrx_word' id='word_1_73' title='bbox 461 1176 625 1249; x_wconf 87' lang='lat' dir='ltr'>istuc</span> <span class='ocrx_word' id='word_1_74' title='bbox 677 1173 989 1265; x_wconf 86' lang='lat' dir='ltr'>quidem,</span> <span class='ocrx_word' id='word_1_75' title='bbox 1038 1175 1111 1243; x_wconf 85' lang='lat'>&amp;</span> <span class='ocrx_word' id='word_1_76' title='bbox 1172 1169 1333 1263; x_wconf 77' lang='lat' dir='ltr'>saepe</span> <span class='ocrx_word' id='word_1_77' title='bbox 1385 1170 1601 1243; x_wconf 83' lang='lat' dir='ltr'>facio.</span> <span class='ocrx_word' id='word_1_78' title='bbox 1645 1182 1828 1247; x_wconf 84' lang='lat' dir='ltr'>Nam</span> <span class='ocrx_word' id='word_1_79' title='bbox 1876 1174 2085 1259; x_wconf 83' lang='lat' dir='ltr'>mihi,</span> <span class='ocrx_word' id='word_1_80' title='bbox 2138 1178 2388 1261; x_wconf 83' lang='lat' dir='ltr'><strong>Brute,</strong></span> <span class='ocrx_word' id='word_1_81' title='bbox 2437 1172 2508 1239; x_wconf 89' lang='lat' dir='ltr'>in</span> <span class='ocrx_word' id='word_1_82' title='bbox 2561 1188 2625 1243; x_wconf 87' lang='lat' dir='ltr'>te</span> <span class='ocrx_word' id='word_1_83' title='bbox 2677 1178 2958 1247; x_wconf 86' lang='lat' dir='ltr'>intuenti</span> <span class='ocrx_word' id='word_1_84' title='bbox 3010 1196 3161 1243; x_wconf 80' lang='lat' dir='ltr'>cre.</span> 
     </span>
     <span class='ocr_line' id='line_1_8' title="bbox 164 1274 3164 1365; baseline -0.002 -13"><span class='ocrx_word' id='word_1_85' title='bbox 164 1280 277 1353; x_wconf 85' lang='lat' dir='ltr'>bro</span> <span class='ocrx_word' id='word_1_86' title='bbox 324 1283 407 1350; x_wconf 88' lang='lat' dir='ltr'>in</span> <span class='ocrx_word' id='word_1_87' title='bbox 464 1290 763 1349; x_wconf 84' lang='lat' dir='ltr'><strong>mentem</strong></span> <span class='ocrx_word' id='word_1_88' title='bbox 812 1274 993 1342; x_wconf 87' lang='lat' dir='ltr'>venit</span> <span class='ocrx_word' id='word_1_89' title='bbox 1046 1275 1265 1343; x_wconf 84' lang='lat' dir='ltr'>vereri</span> <span class='ocrx_word' id='word_1_90' title='bbox 1302 1326 1327 1359; x_wconf 92' lang='lat'>,</span> <span class='ocrx_word' id='word_1_91' title='bbox 1370 1276 1787 1365; x_wconf 85' lang='lat' dir='ltr'>ecquodnam</span> <span class='ocrx_word' id='word_1_92' title='bbox 1838 1274 2257 1345; x_wconf 88' lang='lat' dir='ltr'>curriculum</span> <span class='ocrx_word' id='word_1_93' title='bbox 2311 1276 2668 1365; x_wconf 87' lang='lat' dir='ltr'>aliquando</span> <span class='ocrx_word' id='word_1_94' title='bbox 2717 1278 2796 1347; x_wconf 87' lang='lat' dir='ltr'>fit</span> <span class='ocrx_word' id='word_1_95' title='bbox 2847 1277 3164 1347; x_wconf 79' lang='lat' dir='ltr'>habitura·</span> 
     </span>
     <span class='ocr_line' id='line_1_9' title="bbox 167 1371 3166 1466; baseline -0.004 -13"><span class='ocrx_word' id='word_1_96' title='bbox 167 1402 283 1453; x_wconf 78' lang='lat' dir='ltr'>tua</span> <span class='ocrx_word' id='word_1_97' title='bbox 328 1385 409 1453; x_wconf 88' lang='lat'>&amp;</span> <span class='ocrx_word' id='word_1_98' title='bbox 466 1396 707 1449; x_wconf 87' lang='lat' dir='ltr'>natura</span> <span class='ocrx_word' id='word_1_99' title='bbox 760 1371 1159 1444; x_wconf 75' lang='lat' dir='ltr'>admirabilis</span> <span class='ocrx_word' id='word_1_100' title='bbox 1193 1427 1216 1462; x_wconf 92' lang='lat'>,</span> <span class='ocrx_word' id='word_1_101' title='bbox 1280 1376 1353 1445; x_wconf 84' lang='lat'>&amp;</span> <span class='ocrx_word' id='word_1_102' title='bbox 1408 1379 1739 1466; x_wconf 80' lang='lat' dir='ltr'>exquifita</span> <span class='ocrx_word' id='word_1_103' title='bbox 1791 1375 2091 1447; x_wconf 70' lang='lat' dir='ltr'>dostrIna</span> <span class='ocrx_word' id='word_1_104' title='bbox 2130 1426 2153 1461; x_wconf 98' lang='lat'>,</span> <span class='ocrx_word' id='word_1_105' title='bbox 2224 1377 2296 1444; x_wconf 76' lang='grc' dir='ltr'>δι</span> <span class='ocrx_word' id='word_1_106' title='bbox 2374 1376 2728 1464; x_wconf 73' lang='lat' dir='ltr'>singularis</span> <span class='ocrx_word' id='word_1_107' title='bbox 2777 1376 3100 1446; x_wconf 83' lang='lat' dir='ltr'>industria</span> <span class='ocrx_word' id='word_1_108' title='bbox 3133 1418 3166 1442; x_wconf 81' lang='lat'><em>.</em></span> 
     </span>
     <span class='ocr_line' id='line_1_10' title="bbox 166 1472 3164 1563; baseline -0.004 -7"><span class='ocrx_word' id='word_1_109' title='bbox 166 1494 346 1556; x_wconf 87' lang='lat' dir='ltr'>Cum</span> <span class='ocrx_word' id='word_1_110' title='bbox 398 1483 581 1551; x_wconf 89' lang='lat' dir='ltr'>enim</span> <span class='ocrx_word' id='word_1_111' title='bbox 630 1481 703 1547; x_wconf 89' lang='lat' dir='ltr'>in</span> <span class='ocrx_word' id='word_1_112' title='bbox 751 1478 1063 1555; x_wconf 80' lang='lat' dir='ltr'>maximis</span> <span class='ocrx_word' id='word_1_113' title='bbox 1110 1476 1331 1549; x_wconf 71' lang='lat' dir='ltr'>causis</span> <span class='ocrx_word' id='word_1_114' title='bbox 1389 1473 1685 1551; x_wconf 82' lang='lat' dir='ltr'>versatus</span> <span class='ocrx_word' id='word_1_115' title='bbox 1739 1479 1958 1563; x_wconf 88' lang='lat' dir='ltr'>esses,</span> <span class='ocrx_word' id='word_1_116' title='bbox 2009 1480 2130 1562; x_wconf 84' lang='lat'>&amp;,</span> <span class='ocrx_word' id='word_1_117' title='bbox 2175 1493 2336 1543; x_wconf 87' lang='lat' dir='ltr'>cum</span> <span class='ocrx_word' id='word_1_118' title='bbox 2383 1472 2500 1541; x_wconf 85' lang='lat' dir='ltr'>tibi</span> <span class='ocrx_word' id='word_1_119' title='bbox 2549 1494 2701 1547; x_wconf 82' lang='lat' dir='ltr'>aetas</span> <span class='ocrx_word' id='word_1_120' title='bbox 2754 1479 2968 1547; x_wconf 85' lang='lat' dir='ltr'>nostra</span> <span class='ocrx_word' id='word_1_121' title='bbox 3021 1480 3164 1555; x_wconf 83' lang='lat' dir='ltr'>iam</span> 
     </span>
     <span class='ocr_line' id='line_1_11' title="bbox 167 1574 3176 1671; baseline -0.003 -13"><span class='ocrx_word' id='word_1_122' title='bbox 167 1586 479 1669; x_wconf 83' lang='lat' dir='ltr'>cederet,</span> <span class='ocrx_word' id='word_1_123' title='bbox 527 1577 861 1671; x_wconf 83' lang='lat' dir='ltr'>fascesque</span> <span class='ocrx_word' id='word_1_124' title='bbox 914 1576 1363 1666; x_wconf 82' lang='lat' dir='ltr'>submitteret,</span> <span class='ocrx_word' id='word_1_125' title='bbox 1416 1576 1625 1651; x_wconf 87' lang='lat' dir='ltr'>subito</span> <span class='ocrx_word' id='word_1_126' title='bbox 1674 1586 1747 1652; x_wconf 85' lang='lat' dir='ltr'>in</span> <span class='ocrx_word' id='word_1_127' title='bbox 1800 1580 2071 1651; x_wconf 83' lang='lat' dir='ltr'>civitate</span> <span class='ocrx_word' id='word_1_128' title='bbox 2118 1596 2280 1645; x_wconf 90' lang='lat' dir='ltr'>cum</span> <span class='ocrx_word' id='word_1_129' title='bbox 2335 1574 2464 1643; x_wconf 86' lang='lat' dir='ltr'>alia</span> <span class='ocrx_word' id='word_1_130' title='bbox 2513 1580 2898 1649; x_wconf 86' lang='lat' dir='ltr'>ceciderunt</span> <span class='ocrx_word' id='word_1_131' title='bbox 2940 1603 2964 1664; x_wconf 75' lang='lat'>3</span> <span class='ocrx_word' id='word_1_132' title='bbox 3010 1593 3176 1649; x_wconf 84' lang='lat' dir='ltr'>tum·</span> 
     </span>
     <span class='ocr_line' id='line_1_12' title="bbox 166 1656 3172 1773; baseline -0.003 -16"><span class='ocrx_word' id='word_1_133' title='bbox 166 1690 377 1758; x_wconf 85' lang='lat' dir='ltr'>etiam</span> <span class='ocrx_word' id='word_1_134' title='bbox 420 1704 505 1751; x_wconf 85' lang='lat' dir='ltr'>ea</span> <span class='ocrx_word' id='word_1_135' title='bbox 550 1680 862 1773; x_wconf 88' lang='lat' dir='ltr'>ipsa,-de</span> <span class='ocrx_word' id='word_1_136' title='bbox 909 1704 1043 1771; x_wconf 86' lang='lat' dir='ltr'>qua</span> <span class='ocrx_word' id='word_1_137' title='bbox 1090 1681 1424 1771; x_wconf 77' lang='lat' dir='ltr'>disputare</span> <span class='ocrx_word' id='word_1_138' title='bbox 1472 1686 1771 1754; x_wconf 85' lang='lat' dir='ltr'>ordimur</span> <span class='ocrx_word' id='word_1_139' title='bbox 1802 1736 1823 1770; x_wconf 89' lang='lat'>,</span> <span class='ocrx_word' id='word_1_140' title='bbox 1870 1678 2248 1772; x_wconf 78' lang='lat' dir='ltr'>eloquentia</span> <span class='ocrx_word' id='word_1_141' title='bbox 2303 1678 2678 1747; x_wconf 86' lang='lat' dir='ltr'>obmutuit.</span> <span class='ocrx_word' id='word_1_142' title='bbox 3061 1656 3068 1663; x_wconf 47' lang='grc'>’</span> <span class='ocrx_word' id='word_1_143' title='bbox 3165 1742 3172 1749; x_wconf 90' lang='grc'><strong>.</strong></span> 
     </span>
    </p>

    <p class='ocr_par' dir='ltr' id='par_1_3' title="bbox 158 1774 3170 2397">
     <span class='ocr_line' id='line_1_13' title="bbox 272 1774 3166 1874; baseline -0.003 -19"><span class='ocrx_word' id='word_1_144' title='bbox 272 1790 465 1855; x_wconf 88' lang='lat' dir='ltr'>Tum</span> <span class='ocrx_word' id='word_1_145' title='bbox 514 1786 685 1872; x_wconf 81' lang='lat' dir='ltr'>ille,</span> <span class='ocrx_word' id='word_1_146' title='bbox 748 1789 1157 1853; x_wconf 75' lang='lat' dir='ltr'>Gaeterarum</span> <span class='ocrx_word' id='word_1_147' title='bbox 1209 1802 1439 1852; x_wconf 87' lang='lat' dir='ltr'>rerum</span> <span class='ocrx_word' id='word_1_148' title='bbox 1490 1784 1735 1874; x_wconf 81' lang='lat' dir='ltr'>causa,</span> <span class='ocrx_word' id='word_1_149' title='bbox 1792 1783 2006 1874; x_wconf 89' lang='lat' dir='ltr'>inquit</span> <span class='ocrx_word' id='word_1_150' title='bbox 2047 1833 2069 1867; x_wconf 86' lang='lat'>,</span> <span class='ocrx_word' id='word_1_151' title='bbox 2138 1782 2302 1853; x_wconf 83' lang='lat' dir='ltr'>istuc</span> <span class='ocrx_word' id='word_1_152' title='bbox 2357 1782 2427 1851; x_wconf 75' lang='grc' dir='ltr'>δε</span> <span class='ocrx_word' id='word_1_153' title='bbox 2481 1778 2676 1849; x_wconf 88' lang='lat' dir='ltr'>doleo</span> <span class='ocrx_word' id='word_1_154' title='bbox 2713 1830 2738 1864; x_wconf 91' lang='lat'>,</span> <span class='ocrx_word' id='word_1_155' title='bbox 2805 1780 2876 1849; x_wconf 74' lang='grc' dir='ltr'>ὅτ.</span> <span class='ocrx_word' id='word_1_156' title='bbox 2933 1774 3166 1846; x_wconf 84' lang='lat' dir='ltr'>dolen-</span> 
     </span>
     <span class='ocr_line' id='line_1_14' title="bbox 164 1877 3166 1977; baseline -0.005 -18"><span class='ocrx_word' id='word_1_157' title='bbox 164 1888 343 1959; x_wconf 90' lang='lat' dir='ltr'>dum</span> <span class='ocrx_word' id='word_1_158' title='bbox 396 1902 594 1977; x_wconf 77' lang='lat' dir='ltr'>puto:</span> <span class='ocrx_word' id='word_1_159' title='bbox 644 1884 899 1955; x_wconf 84' lang='lat' dir='ltr'>dicendi</span> <span class='ocrx_word' id='word_1_160' title='bbox 952 1903 1175 1955; x_wconf 85' lang='lat' dir='ltr'>autem</span> <span class='ocrx_word' id='word_1_161' title='bbox 1228 1904 1337 1953; x_wconf 88' lang='lat' dir='ltr'>me</span> <span class='ocrx_word' id='word_1_162' title='bbox 1384 1904 1518 1952; x_wconf 88' lang='lat' dir='ltr'>non</span> <span class='ocrx_word' id='word_1_163' title='bbox 1570 1906 1721 1957; x_wconf 85' lang='lat' dir='ltr'>tam</span> <span class='ocrx_word' id='word_1_164' title='bbox 1773 1884 2071 1969; x_wconf 66' lang='lat' dir='ltr'>fruetus,</span> <span class='ocrx_word' id='word_1_165' title='bbox 2122 1884 2196 1951; x_wconf 88' lang='lat'>&amp;</span> <span class='ocrx_word' id='word_1_166' title='bbox 2254 1881 2471 1969; x_wconf 85' lang='lat' dir='ltr'>gloria</span> <span class='ocrx_word' id='word_1_167' title='bbox 2512 1935 2534 1968; x_wconf 89' lang='lat'>,</span> <span class='ocrx_word' id='word_1_168' title='bbox 2608 1900 2816 1972; x_wconf 87' lang='lat' dir='ltr'>quam</span> <span class='ocrx_word' id='word_1_169' title='bbox 2870 1877 3166 1952; x_wconf 84' lang='lat' dir='ltr'>studium</span> 
     </span>
     <span class='ocr_line' id='line_1_15' title="bbox 162 1978 3160 2082; baseline -0.005 -21"><span class='ocrx_word' id='word_1_170' title='bbox 162 1991 435 2082; x_wconf 82' lang='lat' dir='ltr'>ipsum,</span> <span class='ocrx_word' id='word_1_171' title='bbox 480 1988 991 2075; x_wconf 81' lang='lat' dir='ltr'>exercitatioque</span> <span class='ocrx_word' id='word_1_172' title='bbox 1040 1984 1319 2053; x_wconf 61' lang='lat' dir='ltr'>delectat</span> <span class='ocrx_word' id='word_1_173' title='bbox 1364 2008 1384 2049; x_wconf 71' lang='grc' dir='ltr'>ε</span> <span class='ocrx_word' id='word_1_174' title='bbox 1456 1988 1639 2077; x_wconf 83' lang='lat' dir='ltr'>quod</span> <span class='ocrx_word' id='word_1_175' title='bbox 1712 1985 1875 2055; x_wconf 85' lang='lat' dir='ltr'>mihi</span> <span class='ocrx_word' id='word_1_176' title='bbox 1930 1982 2117 2053; x_wconf 85' lang='lat' dir='ltr'>nulla</span> <span class='ocrx_word' id='word_1_177' title='bbox 2170 2000 2277 2049; x_wconf 88' lang='lat' dir='ltr'>res</span> <span class='ocrx_word' id='word_1_178' title='bbox 2329 1982 2553 2069; x_wconf 84' lang='lat' dir='ltr'>eripiet</span> <span class='ocrx_word' id='word_1_179' title='bbox 2593 2036 2614 2070; x_wconf 84' lang='lat'>,</span> <span class='ocrx_word' id='word_1_180' title='bbox 2686 2000 2752 2049; x_wconf 88' lang='lat' dir='ltr'>te</span> <span class='ocrx_word' id='word_1_181' title='bbox 2803 1978 3160 2067; x_wconf 80' lang='lat' dir='ltr'>praesertim</span> 
     </span>
     <span class='ocr_line' id='line_1_16' title="bbox 158 2076 3170 2177; baseline -0.005 -17"><span class='ocrx_word' id='word_1_182' title='bbox 158 2110 311 2162; x_wconf 84' lang='lat' dir='ltr'>tam</span> <span class='ocrx_word' id='word_1_183' title='bbox 362 2088 673 2161; x_wconf 78' lang='lat' dir='ltr'>studioso.</span> <span class='ocrx_word' id='word_1_184' title='bbox 728 2090 996 2157; x_wconf 86' lang='lat' dir='ltr'>Etenim</span> <span class='ocrx_word' id='word_1_185' title='bbox 1046 2087 1261 2155; x_wconf 86' lang='lat' dir='ltr'>dicere</span> <span class='ocrx_word' id='word_1_186' title='bbox 1335 2086 1497 2157; x_wconf 81' lang='lat' dir='ltr'>bene</span> <span class='ocrx_word' id='word_1_187' title='bbox 1572 2110 1779 2159; x_wconf 84' lang='lat' dir='ltr'>nemo</span> <span class='ocrx_word' id='word_1_188' title='bbox 1831 2083 2033 2177; x_wconf 84' lang='lat' dir='ltr'>potest</span> <span class='ocrx_word' id='word_1_189' title='bbox 2068 2134 2093 2167; x_wconf 91' lang='lat'>,</span> <span class='ocrx_word' id='word_1_190' title='bbox 2164 2080 2284 2150; x_wconf 79' lang='lat' dir='ltr'>nifi</span> <span class='ocrx_word' id='word_1_191' title='bbox 2337 2086 2450 2173; x_wconf 88' lang='lat' dir='ltr'>qui</span> <span class='ocrx_word' id='word_1_192' title='bbox 2507 2082 2858 2171; x_wconf 86' lang='lat' dir='ltr'>prudenter</span> <span class='ocrx_word' id='word_1_193' title='bbox 2913 2076 3170 2145; x_wconf 65' lang='lat' dir='ltr'>intelli-</span> 
     </span>
     <span class='ocr_line' id='line_1_17' title="bbox 163 2181 3166 2287; baseline -0.006 -24"><span class='ocrx_word' id='word_1_194' title='bbox 163 2197 305 2287; x_wconf 69' lang='lat' dir='ltr'>git.</span> <span class='ocrx_word' id='word_1_195' title='bbox 371 2198 596 2280; x_wconf 80' lang='lat' dir='ltr'>Qare</span> <span class='ocrx_word' id='word_1_196' title='bbox 644 2190 759 2280; x_wconf 86' lang='lat' dir='ltr'>qui</span> <span class='ocrx_word' id='word_1_197' title='bbox 808 2188 1190 2279; x_wconf 71' lang='lat' dir='ltr'>eloquentiae</span> <span class='ocrx_word' id='word_1_198' title='bbox 1244 2208 1417 2257; x_wconf 81' lang='lat' dir='ltr'>verae</span> <span class='ocrx_word' id='word_1_199' title='bbox 1470 2192 1913 2280; x_wconf 82' lang='lat' dir='ltr'>dat&#39;operam</span> <span class='ocrx_word' id='word_1_200' title='bbox 1956 2237 1981 2271; x_wconf 92' lang='lat'>,</span> <span class='ocrx_word' id='word_1_201' title='bbox 2047 2181 2155 2249; x_wconf 83' lang='lat' dir='ltr'>dat</span> <span class='ocrx_word' id='word_1_202' title='bbox 2211 2183 2574 2271; x_wconf 77' lang='lat' dir='ltr'>prudentiae</span> <span class='ocrx_word' id='word_1_203' title='bbox 2610 2237 2632 2272; x_wconf 93' lang='lat'>,</span> <span class='ocrx_word' id='word_1_204' title='bbox 2699 2204 2834 2275; x_wconf 88' lang='lat' dir='ltr'>qua</span> <span class='ocrx_word' id='word_1_205' title='bbox 2885 2200 2969 2249; x_wconf 89' lang='lat' dir='ltr'>ne</span> <span class='ocrx_word' id='word_1_206' title='bbox 3021 2196 3166 2246; x_wconf 72' lang='lat' dir='ltr'>ma&lt;-</span> 
     </span>
     <span class='ocr_line' id='line_1_18' title="bbox 162 2282 3165 2397; baseline -0.005 -32"><span class='ocrx_word' id='word_1_207' title='bbox 162 2294 379 2397; x_wconf 70' lang='lat' dir='ltr'>xjmis</span> <span class='ocrx_word' id='word_1_208' title='bbox 428 2290 701 2383; x_wconf 83' lang='lat' dir='ltr'>quidem</span> <span class='ocrx_word' id='word_1_209' title='bbox 753 2292 825 2359; x_wconf 79' lang='lat' dir='ltr'>in</span> <span class='ocrx_word' id='word_1_210' title='bbox 875 2289 1061 2359; x_wconf 86' lang='lat' dir='ltr'>bellis</span> <span class='ocrx_word' id='word_1_211' title='bbox 1107 2311 1295 2381; x_wconf 83' lang='lat' dir='ltr'>aequo</span> <span class='ocrx_word' id='word_1_212' title='bbox 1350 2291 1579 2362; x_wconf 85' lang='lat' dir='ltr'>animo</span> <span class='ocrx_word' id='word_1_213' title='bbox 1628 2310 1859 2361; x_wconf 84' lang='lat' dir='ltr'>carere</span> <span class='ocrx_word' id='word_1_214' title='bbox 1909 2282 2262 2377; x_wconf 72' lang='lat' dir='ltr'>quisquam</span> <span class='ocrx_word' id='word_1_215' title='bbox 2315 2282 2559 2375; x_wconf 86' lang='lat' dir='ltr'>potest.</span> <span class='ocrx_word' id='word_1_216' title='bbox 3155 2330 3165 2337; x_wconf 91' lang='lat'>-</span> 
     </span>
    </p>

    <p class='ocr_par' dir='ltr' id='par_1_4' title="bbox 150 2376 3180 2997">
     <span class='ocr_line' id='line_1_19' title="bbox 269 2376 3170 2484; baseline -0.005 -23"><span class='ocrx_word' id='word_1_217' title='bbox 269 2394 643 2484; x_wconf 72' lang='lat' dir='ltr'>Praeclare,</span> <span class='ocrx_word' id='word_1_218' title='bbox 692 2394 1013 2483; x_wconf 85' lang='lat' dir='ltr'>inquam,</span> <span class='ocrx_word' id='word_1_219' title='bbox 1060 2396 1263 2461; x_wconf 83' lang='lat' dir='ltr'>Brute</span> <span class='ocrx_word' id='word_1_220' title='bbox 1301 2444 1323 2478; x_wconf 88' lang='lat'>,</span> <span class='ocrx_word' id='word_1_221' title='bbox 1390 2393 1555 2467; x_wconf 84' lang='lat' dir='ltr'>dicis</span> <span class='ocrx_word' id='word_1_222' title='bbox 1594 2446 1616 2481; x_wconf 86' lang='lat'>,</span> <span class='ocrx_word' id='word_1_223' title='bbox 1688 2409 1897 2479; x_wconf 81' lang='lat' dir='ltr'>eoque</span> <span class='ocrx_word' id='word_1_224' title='bbox 1948 2386 2165 2474; x_wconf 83' lang='lat' dir='ltr'>magis</span> <span class='ocrx_word' id='word_1_225' title='bbox 2218 2382 2336 2453; x_wconf 88' lang='lat' dir='ltr'>ista</span> <span class='ocrx_word' id='word_1_226' title='bbox 2387 2383 2648 2455; x_wconf 82' lang='lat' dir='ltr'>dicendi</span> <span class='ocrx_word' id='word_1_227' title='bbox 2721 2382 2960 2451; x_wconf 81' lang='lat' dir='ltr'>laude·</span> <span class='ocrx_word' id='word_1_228' title='bbox 2992 2376 3170 2454; x_wconf 87' lang='lat' dir='ltr'>dele·</span> 
     </span>
     <span class='ocr_line' id='line_1_20' title="bbox 158 2485 3166 2591; baseline -0.007 -26"><span class='ocrx_word' id='word_1_229' title='bbox 158 2500 361 2591; x_wconf 66' lang='lat' dir='ltr'>stoc,</span> <span class='ocrx_word' id='word_1_230' title='bbox 414 2496 597 2587; x_wconf 87' lang='lat' dir='ltr'>quod</span> <span class='ocrx_word' id='word_1_231' title='bbox 644 2512 915 2581; x_wconf 84' lang='lat' dir='ltr'>caetera,</span> <span class='ocrx_word' id='word_1_232' title='bbox 963 2516 1109 2585; x_wconf 75' lang='lat' dir='ltr'>quae</span> <span class='ocrx_word' id='word_1_233' title='bbox 1160 2494 1309 2563; x_wconf 75' lang='lat' dir='ltr'>sunt</span> <span class='ocrx_word' id='word_1_234' title='bbox 1358 2494 1707 2589; x_wconf 72' lang='lat' dir='ltr'>quondam</span> <span class='ocrx_word' id='word_1_235' title='bbox 1754 2488 1975 2561; x_wconf 84' lang='lat' dir='ltr'>habita</span> <span class='ocrx_word' id='word_1_236' title='bbox 2026 2488 2095 2552; x_wconf 89' lang='lat' dir='ltr'>in</span> <span class='ocrx_word' id='word_1_237' title='bbox 2146 2488 2418 2555; x_wconf 75' lang='lat' dir='ltr'>civitate</span> <span class='ocrx_word' id='word_1_238' title='bbox 2469 2485 2918 2575; x_wconf 80' lang='lat' dir='ltr'>pulcherrima</span> <span class='ocrx_word' id='word_1_239' title='bbox 2956 2531 2979 2564; x_wconf 92' lang='lat'>,</span> <span class='ocrx_word' id='word_1_240' title='bbox 3050 2500 3166 2546; x_wconf 80' lang='lat' dir='ltr'>ne-</span> 
     </span>
     <span class='ocr_line' id='line_1_21' title="bbox 152 2586 3166 2685; baseline -0.011 -11"><span class='ocrx_word' id='word_1_241' title='bbox 152 2624 283 2674; x_wconf 86' lang='lat' dir='ltr'>mo</span> <span class='ocrx_word' id='word_1_242' title='bbox 336 2598 435 2667; x_wconf 86' lang='lat' dir='ltr'>est</span> <span class='ocrx_word' id='word_1_243' title='bbox 488 2615 628 2666; x_wconf 89' lang='lat' dir='ltr'>tam</span> <span class='ocrx_word' id='word_1_244' title='bbox 678 2598 1000 2683; x_wconf 83' lang='lat' dir='ltr'>humilis,</span> <span class='ocrx_word' id='word_1_245' title='bbox 1048 2596 1163 2685; x_wconf 90' lang='lat' dir='ltr'>qui</span> <span class='ocrx_word' id='word_1_246' title='bbox 1216 2593 1279 2664; x_wconf 90' lang='lat' dir='ltr'>se</span> <span class='ocrx_word' id='word_1_247' title='bbox 1344 2618 1485 2667; x_wconf 87' lang='lat' dir='ltr'>non</span> <span class='ocrx_word' id='word_1_248' title='bbox 1559 2614 1673 2665; x_wconf 83' lang='lat' dir='ltr'>aut</span> <span class='ocrx_word' id='word_1_249' title='bbox 1726 2592 1893 2683; x_wconf 83' lang='lat' dir='ltr'>poffe</span> <span class='ocrx_word' id='word_1_250' title='bbox 1944 2586 2273 2675; x_wconf 86' lang='lat' dir='ltr'>adipisci,</span> <span class='ocrx_word' id='word_1_251' title='bbox 2348 2602 2460 2654; x_wconf 84' lang='lat' dir='ltr'>aut</span> <span class='ocrx_word' id='word_1_252' title='bbox 2513 2586 2830 2673; x_wconf 86' lang='lat' dir='ltr'>adeptum</span> <span class='ocrx_word' id='word_1_253' title='bbox 2903 2594 3088 2669; x_wconf 88' lang='lat' dir='ltr'>putet</span> <span class='ocrx_word' id='word_1_254' title='bbox 3135 2600 3166 2655; x_wconf 66' lang='lat'>.·‚</span> 
     </span>
     <span class='ocr_line' id='line_1_22' title="bbox 150 2677 3174 2793; baseline -0.009 -19"><span class='ocrx_word' id='word_1_255' title='bbox 150 2706 601 2793; x_wconf 82' lang='lat' dir='ltr'>eloquentem</span> <span class='ocrx_word' id='word_1_256' title='bbox 652 2700 993 2767; x_wconf 85' lang='lat' dir='ltr'>neminem</span> <span class='ocrx_word' id='word_1_257' title='bbox 1047 2699 1241 2767; x_wconf 82' lang='lat' dir='ltr'>video</span> <span class='ocrx_word' id='word_1_258' title='bbox 1306 2698 1569 2769; x_wconf 63' lang='lat' dir='ltr'>fanum</span> <span class='ocrx_word' id='word_1_259' title='bbox 1637 2693 1761 2764; x_wconf 82' lang='lat' dir='ltr'>effe</span> <span class='ocrx_word' id='word_1_260' title='bbox 1814 2688 2090 2760; x_wconf 59' lang='lat' dir='ltr'>victoria</span> <span class='ocrx_word' id='word_1_261' title='bbox 2135 2736 2151 2755; x_wconf 91' lang='lat'><strong>.</strong></span> <span class='ocrx_word' id='word_1_262' title='bbox 2225 2685 2358 2755; x_wconf 86' lang='lat' dir='ltr'>Sed</span> <span class='ocrx_word' id='word_1_263' title='bbox 2425 2708 2560 2777; x_wconf 90' lang='lat' dir='ltr'>quo</span> <span class='ocrx_word' id='word_1_264' title='bbox 2615 2683 2874 2755; x_wconf 82' lang='lat' dir='ltr'>facilius</span> <span class='ocrx_word' id='word_1_265' title='bbox 2951 2677 3174 2755; x_wconf 81' lang='lat' dir='ltr'>sermo</span> 
     </span>
     <span class='ocr_line' id='line_1_23' title="bbox 151 2784 3180 2895; baseline -0.009 -20"><span class='ocrx_word' id='word_1_266' title='bbox 151 2804 589 2895; x_wconf 69' lang='lat' dir='ltr'>explicetur,</span> <span class='ocrx_word' id='word_1_267' title='bbox 639 2796 972 2882; x_wconf 73' lang='lat' dir='ltr'>sedentes,</span> <span class='ocrx_word' id='word_1_268' title='bbox 1022 2795 1069 2864; x_wconf 82' lang='lat' dir='ltr'><strong>fi</strong></span> <span class='ocrx_word' id='word_1_269' title='bbox 1128 2795 1385 2867; x_wconf 85' lang='lat' dir='ltr'>videtur</span> <span class='ocrx_word' id='word_1_270' title='bbox 1432 2854 1457 2887; x_wconf 85' lang='lat'>,</span> <span class='ocrx_word' id='word_1_271' title='bbox 1508 2815 1789 2887; x_wconf 82' lang='lat' dir='ltr'>agamus</span> <span class='ocrx_word' id='word_1_272' title='bbox 1827 2840 1846 2861; x_wconf 86' lang='lat'>.</span> <span class='ocrx_word' id='word_1_273' title='bbox 1915 2796 2093 2857; x_wconf 89' lang='lat' dir='ltr'>Cum</span> <span class='ocrx_word' id='word_1_274' title='bbox 2140 2788 2322 2859; x_wconf 84' lang='lat' dir='ltr'>idem</span> <span class='ocrx_word' id='word_1_275' title='bbox 2373 2787 2710 2877; x_wconf 81' lang='lat' dir='ltr'>placuiffet</span> <span class='ocrx_word' id='word_1_276' title='bbox 2759 2784 2892 2851; x_wconf 83' lang='lat' dir='ltr'>illis</span> <span class='ocrx_word' id='word_1_277' title='bbox 2931 2830 2954 2866; x_wconf 88' lang='lat'>,</span> <span class='ocrx_word' id='word_1_278' title='bbox 3021 2796 3180 2849; x_wconf 84' lang='lat' dir='ltr'>tum-</span> 
     </span>
     <span class='ocr_line' id='line_1_24' title="bbox 155 2892 2198 2997; baseline -0.01 -22"><span class='ocrx_word' id='word_1_279' title='bbox 155 2906 231 2975; x_wconf 79' lang='lat' dir='ltr'>in</span> <span class='ocrx_word' id='word_1_280' title='bbox 294 2902 570 2993; x_wconf 61' lang='lat' dir='ltr'>pratulo</span> <span class='ocrx_word' id='word_1_281' title='bbox 618 2923 873 2997; x_wconf 81' lang='lat' dir='ltr'>propter</span> <span class='ocrx_word' id='word_1_282' title='bbox 929 2898 1228 2967; x_wconf 79' lang='lat' dir='ltr'>Platonis</span> <span class='ocrx_word' id='word_1_283' title='bbox 1282 2900 1575 2971; x_wconf 83' lang='lat' dir='ltr'>statuam</span> <span class='ocrx_word' id='word_1_284' title='bbox 1625 2892 2081 2967; x_wconf 77' lang='lat' dir='ltr'>consedimus,</span> <span class='ocrx_word' id='word_1_285' title='bbox 2195 2950 2198 2955; x_wconf 84' lang='lat'>.</span> 
     </span>
    </p>

    <p class='ocr_par' dir='ltr' id='par_1_5' title="bbox 152 2990 3179 3302">
     <span class='ocr_line' id='line_1_25' title="bbox 166 2990 3176 3094; baseline -0.012 -12"><span class='ocrx_word' id='word_1_286' title='bbox 166 3070 174 3077; x_wconf 88' lang='lat'><strong>.</strong></span> <span class='ocrx_word' id='word_1_287' title='bbox 268 3010 419 3074; x_wconf 86' lang='lat' dir='ltr'>Hic</span> <span class='ocrx_word' id='word_1_288' title='bbox 470 3024 643 3092; x_wconf 82' lang='lat' dir='ltr'>ego,</span> <span class='ocrx_word' id='word_1_289' title='bbox 691 3002 999 3073; x_wconf 78' lang='lat' dir='ltr'>Laudare</span> <span class='ocrx_word' id='word_1_290' title='bbox 1049 3004 1253 3090; x_wconf 72' lang='lat' dir='ltr'>igitur</span> <span class='ocrx_word' id='word_1_291' title='bbox 1312 3001 1813 3094; x_wconf 85' lang='lat' dir='ltr'>eloquentiam,</span> <span class='ocrx_word' id='word_1_292' title='bbox 1870 2996 1941 3065; x_wconf 74' lang='grc' dir='ltr'>ὃ(</span> <span class='ocrx_word' id='word_1_293' title='bbox 1998 3006 2244 3083; x_wconf 83' lang='lat' dir='ltr'>quanta</span> <span class='ocrx_word' id='word_1_294' title='bbox 2300 2992 2402 3059; x_wconf 79' lang='lat' dir='ltr'>vis</span> <span class='ocrx_word' id='word_1_295' title='bbox 2460 2990 2536 3058; x_wconf 86' lang='lat' dir='ltr'>fit</span> <span class='ocrx_word' id='word_1_296' title='bbox 2584 2990 2780 3073; x_wconf 81' lang='lat' dir='ltr'>ejus,</span> <span class='ocrx_word' id='word_1_297' title='bbox 2827 2998 3176 3081; x_wconf 57' lang='lat' dir='ltr'>exprome,</span> 
     </span>
     <span class='ocr_line' id='line_1_26' title="bbox 154 3089 3179 3196; baseline -0.011 -16"><span class='ocrx_word' id='word_1_298' title='bbox 154 3130 287 3196; x_wconf 82' lang='lat' dir='ltr'>re,</span> <span class='ocrx_word' id='word_1_299' title='bbox 339 3122 798 3195; x_wconf 80' lang='lat' dir='ltr'>quantamque</span> <span class='ocrx_word' id='word_1_300' title='bbox 843 3105 973 3186; x_wconf 83' lang='lat' dir='ltr'>iis,</span> <span class='ocrx_word' id='word_1_301' title='bbox 1018 3104 1133 3190; x_wconf 85' lang='lat' dir='ltr'>qui</span> <span class='ocrx_word' id='word_1_302' title='bbox 1182 3102 1307 3169; x_wconf 71' lang='lat' dir='ltr'>sint</span> <span class='ocrx_word' id='word_1_303' title='bbox 1358 3125 1516 3172; x_wconf 84' lang='lat' dir='ltr'>eam</span> <span class='ocrx_word' id='word_1_304' title='bbox 1566 3097 1941 3180; x_wconf 87' lang='lat' dir='ltr'>consecuti,</span> <span class='ocrx_word' id='word_1_305' title='bbox 1986 3095 2382 3182; x_wconf 85' lang='lat' dir='ltr'>dignitatem</span> <span class='ocrx_word' id='word_1_306' title='bbox 2436 3089 2720 3173; x_wconf 72' lang='lat' dir='ltr'>affzrat,</span> <span class='ocrx_word' id='word_1_307' title='bbox 2768 3102 2984 3176; x_wconf 89' lang='lat' dir='ltr'>neque</span> <span class='ocrx_word' id='word_1_308' title='bbox 3025 3100 3179 3168; x_wconf 50' lang='lat' dir='ltr'>pro-2</span> 
     </span>
     <span class='ocr_line' id='line_1_27' title="bbox 152 3179 3176 3302; baseline -0.011 -27"><span class='ocrx_word' id='word_1_309' title='bbox 152 3209 477 3302; x_wconf 82' lang='lat' dir='ltr'>pofitum</span> <span class='ocrx_word' id='word_1_310' title='bbox 526 3203 709 3270; x_wconf 83' lang='lat' dir='ltr'>nobis</span> <span class='ocrx_word' id='word_1_311' title='bbox 758 3201 853 3266; x_wconf 76' lang='lat' dir='ltr'>est</span> <span class='ocrx_word' id='word_1_312' title='bbox 900 3203 1023 3269; x_wconf 79' lang='lat' dir='ltr'>hoc</span> <span class='ocrx_word' id='word_1_313' title='bbox 1076 3201 1273 3284; x_wconf 87' lang='lat' dir='ltr'>loc0,</span> <span class='ocrx_word' id='word_1_314' title='bbox 1322 3221 1543 3290; x_wconf 88' lang='lat' dir='ltr'>neque</span> <span class='ocrx_word' id='word_1_315' title='bbox 1597 3196 2027 3263; x_wconf 65' lang='lat' dir='ltr'>necessarium</span> <span class='ocrx_word' id='word_1_316' title='bbox 2063 3239 2079 3256; x_wconf 91' lang='lat'><strong>.</strong></span> <span class='ocrx_word' id='word_1_317' title='bbox 2156 3195 2310 3258; x_wconf 84' lang='lat' dir='ltr'>Hoc</span> <span class='ocrx_word' id='word_1_318' title='bbox 2367 3211 2528 3258; x_wconf 85' lang='lat' dir='ltr'>vero</span> <span class='ocrx_word' id='word_1_319' title='bbox 2581 3190 2717 3254; x_wconf 80' lang='lat' dir='ltr'>fine</span> <span class='ocrx_word' id='word_1_320' title='bbox 2785 3186 2932 3250; x_wconf 88' lang='lat' dir='ltr'>ulla</span> <span class='ocrx_word' id='word_1_321' title='bbox 2987 3179 3176 3246; x_wconf 54' lang='lat' dir='ltr'>dubie·</span> 
     </span>
    </p>
   </div>
   <div class='ocr_carea' id='block_1_2' title="bbox 148 3284 3186 3698">
    <p class='ocr_par' dir='ltr' id='par_1_6' title="bbox 148 3284 3186 3698">
     <span class='ocr_line' id='line_1_28' title="bbox 157 3284 3186 3385; baseline -0.013 -7"><span class='ocrx_word' id='word_1_322' title='bbox 157 3313 441 3378; x_wconf 73' lang='lat' dir='ltr'>tatione</span> <span class='ocrx_word' id='word_1_323' title='bbox 489 3301 1069 3385; x_wconf 71' lang='lat' dir='ltr'>confirmaverim,</span> <span class='ocrx_word' id='word_1_324' title='bbox 1119 3299 1255 3366; x_wconf 84' lang='lat' dir='ltr'>five</span> <span class='ocrx_word' id='word_1_325' title='bbox 1308 3300 1425 3367; x_wconf 84' lang='lat' dir='ltr'>illa</span> <span class='ocrx_word' id='word_1_326' title='bbox 1485 3313 1627 3364; x_wconf 88' lang='lat' dir='ltr'>arte</span> <span class='ocrx_word' id='word_1_327' title='bbox 1683 3293 1975 3383; x_wconf 88' lang='lat' dir='ltr'>pariatur</span> <span class='ocrx_word' id='word_1_328' title='bbox 2034 3288 2296 3375; x_wconf 85' lang='lat' dir='ltr'>aliqua,</span> <span class='ocrx_word' id='word_1_329' title='bbox 2347 3289 2478 3355; x_wconf 83' lang='lat' dir='ltr'>five</span> <span class='ocrx_word' id='word_1_330' title='bbox 2527 3284 3000 3350; x_wconf 75' lang='lat' dir='ltr'>exercitatione</span> <span class='ocrx_word' id='word_1_331' title='bbox 3021 3294 3186 3364; x_wconf 80' lang='lat' dir='ltr'>qua·</span> 
     </span>
     <span class='ocr_line' id='line_1_29' title="bbox 148 3376 3178 3496; baseline -0.012 -18"><span class='ocrx_word' id='word_1_332' title='bbox 148 3409 381 3496; x_wconf 84' lang='lat' dir='ltr'>dam,</span> <span class='ocrx_word' id='word_1_333' title='bbox 441 3408 569 3475; x_wconf 83' lang='lat' dir='ltr'>five</span> <span class='ocrx_word' id='word_1_334' title='bbox 622 3426 901 3490; x_wconf 80' lang='lat' dir='ltr'>natura;</span> <span class='ocrx_word' id='word_1_335' title='bbox 950 3421 1091 3469; x_wconf 88' lang='lat' dir='ltr'>rem</span> <span class='ocrx_word' id='word_1_336' title='bbox 1140 3421 1355 3470; x_wconf 85' lang='lat' dir='ltr'>unam</span> <span class='ocrx_word' id='word_1_337' title='bbox 1402 3399 1527 3467; x_wconf 80' lang='lat' dir='ltr'>effe</span> <span class='ocrx_word' id='word_1_338' title='bbox 1580 3394 1890 3464; x_wconf 85' lang='lat' dir='ltr'>omnium</span> <span class='ocrx_word' id='word_1_339' title='bbox 1940 3387 2408 3455; x_wconf 86' lang='lat' dir='ltr'>difficillimam</span> <span class='ocrx_word' id='word_1_340' title='bbox 2445 3431 2461 3448; x_wconf 91' lang='lat'>.</span> <span class='ocrx_word' id='word_1_341' title='bbox 2542 3380 2806 3466; x_wconf 74' lang='lat' dir='ltr'>Quibus</span> <span class='ocrx_word' id='word_1_342' title='bbox 2858 3376 3041 3473; x_wconf 75' lang='lat' dir='ltr'>enim</span> <span class='ocrx_word' id='word_1_343' title='bbox 3091 3392 3178 3442; x_wconf 79' lang='lat' dir='ltr'>ex</span> 
     </span>
     <span class='ocr_line' id='line_1_30' title="bbox 150 3479 3183 3606; baseline -0.012 -25"><span class='ocrx_word' id='word_1_344' title='bbox 150 3515 479 3606; x_wconf 83' lang='lat' dir='ltr'>quinque</span> <span class='ocrx_word' id='word_1_345' title='bbox 533 3505 725 3578; x_wconf 86' lang='lat' dir='ltr'>rebus</span> <span class='ocrx_word' id='word_1_346' title='bbox 776 3504 1071 3574; x_wconf 86' lang='lat' dir='ltr'>constare</span> <span class='ocrx_word' id='word_1_347' title='bbox 1121 3503 1411 3587; x_wconf 86' lang='lat' dir='ltr'>dicitnr,</span> <span class='ocrx_word' id='word_1_348' title='bbox 1459 3517 1699 3569; x_wconf 86' lang='lat' dir='ltr'>earum</span> <span class='ocrx_word' id='word_1_349' title='bbox 1753 3507 2161 3581; x_wconf 82' lang='lat' dir='ltr'>unaquaeque</span> <span class='ocrx_word' id='word_1_350' title='bbox 2233 3487 2330 3554; x_wconf 88' lang='lat' dir='ltr'>est</span> <span class='ocrx_word' id='word_1_351' title='bbox 2382 3503 2484 3552; x_wconf 81' lang='lat' dir='ltr'>ars</span> <span class='ocrx_word' id='word_1_352' title='bbox 2567 3479 2700 3570; x_wconf 80' lang='lat' dir='ltr'>ipsa</span> <span class='ocrx_word' id='word_1_353' title='bbox 2757 3495 3006 3566; x_wconf 82' lang='lat' dir='ltr'>magna</span> <span class='ocrx_word' id='word_1_354' title='bbox 3050 3493 3183 3562; x_wconf 55' lang='lat' dir='ltr'>&gt;pet</span> 
     </span>
     <span class='ocr_line' id='line_1_31' title="bbox 150 3581 3180 3698; baseline -0.014 -13"><span class='ocrx_word' id='word_1_355' title='bbox 150 3613 349 3686; x_wconf 69' lang='lat' dir='ltr'>sele.</span> <span class='ocrx_word' id='word_1_356' title='bbox 413 3617 643 3693; x_wconf 79' lang='lat' dir='ltr'>Quare</span> <span class='ocrx_word' id='word_1_357' title='bbox 693 3610 988 3698; x_wconf 87' lang='lat' dir='ltr'>quinque</span> <span class='ocrx_word' id='word_1_358' title='bbox 1040 3610 1289 3674; x_wconf 86' lang='lat' dir='ltr'>artium</span> <span class='ocrx_word' id='word_1_359' title='bbox 1360 3597 1727 3672; x_wconf 88' lang='lat' dir='ltr'>concursus</span> <span class='ocrx_word' id='word_1_360' title='bbox 1793 3593 2264 3666; x_wconf 76' lang='lat' dir='ltr'>maximarum</span> <span class='ocrx_word' id='word_1_361' title='bbox 2335 3601 2662 3678; x_wconf 85' lang='lat' dir='ltr'>quantam</span> <span class='ocrx_word' id='word_1_362' title='bbox 2717 3581 2860 3648; x_wconf 80' lang='lat' dir='ltr'>vim</span> <span class='ocrx_word' id='word_1_363' title='bbox 2902 3629 2920 3664; x_wconf 91' lang='lat'>,</span> <span class='ocrx_word' id='word_1_364' title='bbox 2969 3593 3180 3664; x_wconf 65' lang='lat' dir='ltr'>quam.</span> 
     </span>
    </p>
   </div>
   <div class='ocr_carea' id='block_1_3' title="bbox 147 3691 3182 3896">
    <p class='ocr_par' dir='ltr' id='par_1_7' title="bbox 147 3691 3182 3896">
     <span class='ocr_line' id='line_1_32' title="bbox 147 3691 2008 3804; baseline -0.016 -19"><span class='ocrx_word' id='word_1_365' title='bbox 147 3733 464 3804; x_wconf 86' lang='lat' dir='ltr'>tamque</span> <span class='ocrx_word' id='word_1_366' title='bbox 514 3709 971 3779; x_wconf 87' lang='lat' dir='ltr'>difficultatem</span> <span class='ocrx_word' id='word_1_367' title='bbox 1022 3705 1296 3792; x_wconf 82' lang='lat' dir='ltr'>habeat,</span> <span class='ocrx_word' id='word_1_368' title='bbox 1345 3700 1708 3772; x_wconf 82' lang='lat' dir='ltr'>existimari</span> <span class='ocrx_word' id='word_1_369' title='bbox 1762 3691 1959 3784; x_wconf 88' lang='lat' dir='ltr'>potest</span> <span class='ocrx_word' id='word_1_370' title='bbox 1993 3737 2008 3756; x_wconf 89' lang='lat'><strong>.</strong></span> 
     </span>
     <span class='ocr_line' id='line_1_33' title="bbox 272 3775 3182 3896; baseline -0.015 -12"><span class='ocrx_word' id='word_1_371' title='bbox 272 3817 457 3884; x_wconf 85' lang='lat' dir='ltr'><strong>VII.</strong></span> <span class='ocrx_word' id='word_1_372' title='bbox 512 3815 727 3880; x_wconf 80' lang='lat' dir='ltr'>Testis</span> <span class='ocrx_word' id='word_1_373' title='bbox 772 3807 867 3876; x_wconf 87' lang='lat' dir='ltr'>est</span> <span class='ocrx_word' id='word_1_374' title='bbox 920 3811 1171 3876; x_wconf 75' lang='lat' dir='ltr'>Graecia</span> <span class='ocrx_word' id='word_1_375' title='bbox 1201 3859 1223 3891; x_wconf 90' lang='lat'>,</span> <span class='ocrx_word' id='word_1_376' title='bbox 1272 3829 1415 3896; x_wconf 83' lang='lat' dir='ltr'>qua:</span> <span class='ocrx_word' id='word_1_377' title='bbox 1468 3825 1629 3872; x_wconf 88' lang='lat' dir='ltr'>cum</span> <span class='ocrx_word' id='word_1_378' title='bbox 1676 3795 2065 3886; x_wconf 74' lang='lat' dir='ltr'>eloquentiae</span> <span class='ocrx_word' id='word_1_379' title='bbox 2115 3787 2323 3860; x_wconf 82' lang='lat' dir='ltr'>studio</span> <span class='ocrx_word' id='word_1_380' title='bbox 2375 3787 2452 3856; x_wconf 83' lang='lat' dir='ltr'>fit</span> <span class='ocrx_word' id='word_1_381' title='bbox 2505 3779 2769 3852; x_wconf 87' lang='lat' dir='ltr'>incensa</span> <span class='ocrx_word' id='word_1_382' title='bbox 2817 3831 2838 3864; x_wconf 91' lang='lat'>,</span> <span class='ocrx_word' id='word_1_383' title='bbox 2887 3775 3182 3860; x_wconf 79' lang='lat' dir='ltr'>jamdiu-</span> 
     </span>
    </p>
   </div>
   <div class='ocr_carea' id='block_1_4' title="bbox 142 3875 3240 4013">
    <p class='ocr_par' dir='ltr' id='par_1_8' title="bbox 142 3875 3240 4013">
     <span class='ocr_line' id='line_1_34' title="bbox 142 3875 3240 4013; baseline -0.015 -25"><span class='ocrx_word' id='word_1_384' title='bbox 142 3940 301 4013; x_wconf 85' lang='lat' dir='ltr'>que</span> <span class='ocrx_word' id='word_1_385' title='bbox 357 3914 661 3984; x_wconf 73' lang='lat' dir='ltr'>excellat</span> <span class='ocrx_word' id='word_1_386' title='bbox 712 3915 782 3979; x_wconf 90' lang='lat' dir='ltr'>in</span> <span class='ocrx_word' id='word_1_387' title='bbox 830 3932 954 3995; x_wconf 88' lang='lat' dir='ltr'>ea,</span> <span class='ocrx_word' id='word_1_388' title='bbox 1007 3910 1385 3999; x_wconf 83' lang='lat' dir='ltr'>praestetque</span> <span class='ocrx_word' id='word_1_389' title='bbox 1435 3901 1739 3984; x_wconf 74' lang='lat' dir='ltr'>caeteris,</span> <span class='ocrx_word' id='word_1_390' title='bbox 1789 3914 2017 3963; x_wconf 87' lang='lat' dir='ltr'>tamen</span> <span class='ocrx_word' id='word_1_391' title='bbox 2066 3909 2304 3958; x_wconf 88' lang='lat' dir='ltr'>omnes</span> <span class='ocrx_word' id='word_1_392' title='bbox 2375 3903 2562 3955; x_wconf 87' lang='lat' dir='ltr'>artes.</span> <span class='ocrx_word' id='word_1_393' title='bbox 2609 3881 2990 3954; x_wconf 83' lang='lat' dir='ltr'>vetustiores</span> <span class='ocrx_word' id='word_1_394' title='bbox 3065 3875 3186 3944; x_wconf 84' lang='lat' dir='ltr'>ha·</span> <span class='ocrx_word' id='word_1_395' title='bbox 3235 3943 3240 3948; x_wconf 73' lang='grc'>,</span> 
     </span>
    </p>
   </div>
   <div class='ocr_carea' id='block_1_5' title="bbox 144 3977 3184 4106">
    <p class='ocr_par' dir='ltr' id='par_1_9' title="bbox 144 3977 3184 4106">
     <span class='ocr_line' id='line_1_35' title="bbox 144 3977 3184 4106; baseline -0.014 -14"><span class='ocrx_word' id='word_1_396' title='bbox 144 4025 311 4106; x_wconf 85' lang='lat' dir='ltr'>bet,</span> <span class='ocrx_word' id='word_1_397' title='bbox 377 4019 457 4087; x_wconf 87' lang='lat'>&amp;</span> <span class='ocrx_word' id='word_1_398' title='bbox 520 4017 733 4086; x_wconf 88' lang='lat' dir='ltr'>multo</span> <span class='ocrx_word' id='word_1_399' title='bbox 786 4029 941 4082; x_wconf 85' lang='lat' dir='ltr'>ante</span> <span class='ocrx_word' id='word_1_400' title='bbox 992 4033 1125 4078; x_wconf 90' lang='lat' dir='ltr'>non</span> <span class='ocrx_word' id='word_1_401' title='bbox 1174 4011 1479 4078; x_wconf 77' lang='lat' dir='ltr'>inventas</span> <span class='ocrx_word' id='word_1_402' title='bbox 1548 4001 1767 4072; x_wconf 88' lang='lat' dir='ltr'>solum</span> <span class='ocrx_word' id='word_1_403' title='bbox 1807 4049 1828 4084; x_wconf 95' lang='lat'>,</span> <span class='ocrx_word' id='word_1_404' title='bbox 1898 3992 2005 4062; x_wconf 90' lang='lat' dir='ltr'>sed</span> <span class='ocrx_word' id='word_1_405' title='bbox 2050 3993 2261 4060; x_wconf 82' lang='lat' dir='ltr'>etiam</span> <span class='ocrx_word' id='word_1_406' title='bbox 2315 3985 2630 4076; x_wconf 67' lang='lat' dir='ltr'>perfeaas</span> <span class='ocrx_word' id='word_1_407' title='bbox 2675 4037 2696 4070; x_wconf 93' lang='lat'>,</span> <span class='ocrx_word' id='word_1_408' title='bbox 2769 4000 2978 4072; x_wconf 86' lang='lat' dir='ltr'>quam</span> <span class='ocrx_word' id='word_1_409' title='bbox 3045 3977 3184 4050; x_wconf 74' lang='lat' dir='ltr'>haee</span> 
     </span>
    </p>
   </div>
   <div class='ocr_carea' id='block_1_6' title="bbox 142 4086 3202 5023">
    <p class='ocr_par' dir='ltr' id='par_1_10' title="bbox 142 4086 3202 5023">
     <span class='ocr_line' id='line_1_36' title="bbox 142 4086 3190 4194; baseline -0.017 0"><span class='ocrx_word' id='word_1_410' title='bbox 142 4124 248 4194; x_wconf 85' lang='lat' dir='ltr'>est</span> <span class='ocrx_word' id='word_1_411' title='bbox 311 4141 359 4188; x_wconf 81' lang='lat' dir='ltr'>a</span> <span class='ocrx_word' id='word_1_412' title='bbox 420 4119 675 4188; x_wconf 83' lang='lat' dir='ltr'>Graecis</span> <span class='ocrx_word' id='word_1_413' title='bbox 725 4116 1055 4183; x_wconf 83' lang='lat' dir='ltr'>elaborata</span> <span class='ocrx_word' id='word_1_414' title='bbox 1103 4110 1364 4180; x_wconf 87' lang='lat' dir='ltr'>dicendi</span> <span class='ocrx_word' id='word_1_415' title='bbox 1418 4109 1519 4177; x_wconf 81' lang='lat' dir='ltr'>vis</span> <span class='ocrx_word' id='word_1_416' title='bbox 1572 4121 1769 4192; x_wconf 89' lang='lat' dir='ltr'>atque</span> <span class='ocrx_word' id='word_1_417' title='bbox 1818 4097 2041 4184; x_wconf 85' lang='lat' dir='ltr'>copia.</span> <span class='ocrx_word' id='word_1_418' title='bbox 2099 4098 2178 4160; x_wconf 88' lang='lat' dir='ltr'>In</span> <span class='ocrx_word' id='word_1_419' title='bbox 2229 4110 2434 4179; x_wconf 83' lang='lat' dir='ltr'>quam</span> <span class='ocrx_word' id='word_1_420' title='bbox 2485 4107 2649 4156; x_wconf 84' lang='lat' dir='ltr'>eum</span> <span class='ocrx_word' id='word_1_421' title='bbox 2689 4086 2992 4165; x_wconf 84' lang='lat' dir='ltr'>intueor,</span> <span class='ocrx_word' id='word_1_422' title='bbox 3043 4096 3190 4144; x_wconf 82' lang='lat' dir='ltr'>ma-</span> 
     </span>
     <span class='ocr_line' id='line_1_37' title="bbox 147 4176 3186 4300; baseline -0.016 -6"><span class='ocrx_word' id='word_1_423' title='bbox 147 4228 357 4296; x_wconf 81' lang='lat' dir='ltr'>xime</span> <span class='ocrx_word' id='word_1_424' title='bbox 418 4221 595 4292; x_wconf 85' lang='lat' dir='ltr'>mihi</span> <span class='ocrx_word' id='word_1_425' title='bbox 649 4235 1009 4289; x_wconf 88' lang='lat' dir='ltr'>occurrunt</span> <span class='ocrx_word' id='word_1_426' title='bbox 1050 4267 1071 4300; x_wconf 93' lang='lat'>,</span> <span class='ocrx_word' id='word_1_427' title='bbox 1140 4217 1368 4281; x_wconf 81' lang='lat' dir='ltr'>Attice</span> <span class='ocrx_word' id='word_1_428' title='bbox 1409 4261 1431 4295; x_wconf 93' lang='lat'>,</span> <span class='ocrx_word' id='word_1_429' title='bbox 1485 4210 1553 4278; x_wconf 77' lang='grc' dir='ltr'>δι</span> <span class='ocrx_word' id='word_1_430' title='bbox 1606 4199 1789 4298; x_wconf 69' lang='lat' dir='ltr'>quasi</span> <span class='ocrx_word' id='word_1_431' title='bbox 1844 4199 2069 4265; x_wconf 88' lang='lat' dir='ltr'>lucent</span> <span class='ocrx_word' id='word_1_432' title='bbox 2131 4191 2402 4260; x_wconf 73' lang='lat' dir='ltr'>Athena:</span> <span class='ocrx_word' id='word_1_433' title='bbox 2451 4206 2634 4258; x_wconf 83' lang='lat' dir='ltr'>tuae:</span> <span class='ocrx_word' id='word_1_434' title='bbox 2711 4203 2844 4274; x_wconf 86' lang='lat' dir='ltr'>qua</span> <span class='ocrx_word' id='word_1_435' title='bbox 2896 4182 2964 4248; x_wconf 86' lang='lat' dir='ltr'>in</span> <span class='ocrx_word' id='word_1_436' title='bbox 3023 4176 3186 4246; x_wconf 83' lang='lat' dir='ltr'>urbe</span> 
     </span>
     <span class='ocr_line' id='line_1_38' title="bbox 143 4277 3177 4418; baseline -0.018 -21"><span class='ocrx_word' id='word_1_437' title='bbox 143 4331 495 4418; x_wconf 85' lang='lat' dir='ltr'>primum</span> <span class='ocrx_word' id='word_1_438' title='bbox 552 4322 615 4392; x_wconf 74' lang='lat' dir='ltr'>ie</span> <span class='ocrx_word' id='word_1_439' title='bbox 666 4339 886 4389; x_wconf 80' lang='lat' dir='ltr'>orator</span> <span class='ocrx_word' id='word_1_440' title='bbox 935 4317 1211 4402; x_wconf 79' lang='lat' dir='ltr'>extulit,</span> <span class='ocrx_word' id='word_1_441' title='bbox 1267 4307 1687 4404; x_wconf 83' lang='lat' dir='ltr'>primumque</span> <span class='ocrx_word' id='word_1_442' title='bbox 1734 4301 1955 4369; x_wconf 84' lang='lat' dir='ltr'>etiam.</span> <span class='ocrx_word' id='word_1_443' title='bbox 2010 4293 2463 4364; x_wconf 85' lang='lat' dir='ltr'>monumentis</span> <span class='ocrx_word' id='word_1_444' title='bbox 2535 4291 2607 4358; x_wconf 75' lang='grc' dir='ltr'>δι</span> <span class='ocrx_word' id='word_1_445' title='bbox 2686 4285 2888 4352; x_wconf 87' lang='lat' dir='ltr'>literis</span> <span class='ocrx_word' id='word_1_446' title='bbox 2956 4277 3177 4348; x_wconf 86' lang='lat' dir='ltr'>oratio</span> 
     </span>
     <span class='ocr_line' id='line_1_39' title="bbox 142 4383 3174 4512; baseline -0.019 -12"><span class='ocrx_word' id='word_1_447' title='bbox 142 4429 247 4500; x_wconf 86' lang='lat' dir='ltr'>est</span> <span class='ocrx_word' id='word_1_448' title='bbox 302 4442 557 4512; x_wconf 84' lang='lat' dir='ltr'>coepta</span> <span class='ocrx_word' id='word_1_449' title='bbox 610 4421 951 4493; x_wconf 85' lang='lat' dir='ltr'>mandari.</span> <span class='ocrx_word' id='word_1_450' title='bbox 1006 4422 1270 4486; x_wconf 82' lang='lat' dir='ltr'>Tamen</span> <span class='ocrx_word' id='word_1_451' title='bbox 1322 4429 1474 4481; x_wconf 88' lang='lat' dir='ltr'>ante</span> <span class='ocrx_word' id='word_1_452' title='bbox 1526 4401 1888 4486; x_wconf 88' lang='lat' dir='ltr'>Periclem,</span> <span class='ocrx_word' id='word_1_453' title='bbox 1940 4395 2133 4474; x_wconf 77' lang='lat' dir='ltr'>cuius</span> <span class='ocrx_word' id='word_1_454' title='bbox 2188 4392 2424 4483; x_wconf 83' lang='lat' dir='ltr'>scripta</span> <span class='ocrx_word' id='word_1_455' title='bbox 2475 4385 2778 4480; x_wconf 84' lang='lat' dir='ltr'>quaedam</span> <span class='ocrx_word' id='word_1_456' title='bbox 2827 4383 3174 4464; x_wconf 86' lang='lat' dir='ltr'>feruntur,</span> 
     </span>
     <span class='ocr_line' id='line_1_40' title="bbox 146 4485 3172 4613; baseline -0.02 -9"><span class='ocrx_word' id='word_1_457' title='bbox 146 4535 229 4605; x_wconf 73' lang='grc' dir='ltr'>δε</span> <span class='ocrx_word' id='word_1_458' title='bbox 298 4527 808 4613; x_wconf 82' lang='lat' dir='ltr'>Thucydidem</span> <span class='ocrx_word' id='word_1_459' title='bbox 842 4577 865 4612; x_wconf 90' lang='lat'>,</span> <span class='ocrx_word' id='word_1_460' title='bbox 942 4523 1053 4613; x_wconf 89' lang='lat' dir='ltr'>qui</span> <span class='ocrx_word' id='word_1_461' title='bbox 1110 4541 1245 4588; x_wconf 88' lang='lat' dir='ltr'>non</span> <span class='ocrx_word' id='word_1_462' title='bbox 1300 4506 1706 4585; x_wconf 83' lang='lat' dir='ltr'>nascentibus</span> <span class='ocrx_word' id='word_1_463' title='bbox 1760 4496 2041 4568; x_wconf 83' lang='lat' dir='ltr'>Athenis</span> <span class='ocrx_word' id='word_1_464' title='bbox 2081 4549 2104 4581; x_wconf 94' lang='lat'>,</span> <span class='ocrx_word' id='word_1_465' title='bbox 2177 4492 2282 4562; x_wconf 86' lang='lat' dir='ltr'>sed</span> <span class='ocrx_word' id='word_1_466' title='bbox 2329 4495 2474 4573; x_wconf 84' lang='lat' dir='ltr'>-iam</span> <span class='ocrx_word' id='word_1_467' title='bbox 2528 4487 2769 4558; x_wconf 83' lang='lat' dir='ltr'>adultis</span> <span class='ocrx_word' id='word_1_468' title='bbox 2823 4485 3096 4552; x_wconf 82' lang='lat' dir='ltr'>fuerunt</span> <span class='ocrx_word' id='word_1_469' title='bbox 3149 4522 3172 4562; x_wconf 84' lang='lat'>,</span> 
     </span>
     <span class='ocr_line' id='line_1_41' title="bbox 148 4577 3169 4714; baseline -0.02 -10"><span class='ocrx_word' id='word_1_470' title='bbox 148 4638 383 4704; x_wconf 80' lang='lat' dir='ltr'>litera</span> <span class='ocrx_word' id='word_1_471' title='bbox 440 4629 639 4698; x_wconf 86' lang='lat' dir='ltr'>nulla</span> <span class='ocrx_word' id='word_1_472' title='bbox 690 4628 821 4711; x_wconf 84' lang='lat' dir='ltr'>est,</span> <span class='ocrx_word' id='word_1_473' title='bbox 870 4646 1012 4714; x_wconf 81' lang='lat' dir='ltr'>quae</span> <span class='ocrx_word' id='word_1_474' title='bbox 1063 4624 1334 4713; x_wconf 86' lang='lat' dir='ltr'>quidem</span> <span class='ocrx_word' id='word_1_475' title='bbox 1382 4627 1695 4684; x_wconf 86' lang='lat' dir='ltr'>ornatum</span> <span class='ocrx_word' id='word_1_476' title='bbox 1747 4604 2037 4693; x_wconf 84' lang='lat' dir='ltr'>aliquem</span> <span class='ocrx_word' id='word_1_477' title='bbox 2082 4593 2316 4664; x_wconf 82' lang='lat' dir='ltr'>habeat</span> <span class='ocrx_word' id='word_1_478' title='bbox 2353 4647 2374 4680; x_wconf 91' lang='lat'>,</span> <span class='ocrx_word' id='word_1_479' title='bbox 2449 4596 2520 4664; x_wconf 88' lang='lat'>&amp;</span> <span class='ocrx_word' id='word_1_480' title='bbox 2575 4589 2849 4658; x_wconf 84' lang='lat' dir='ltr'>oratoris</span> <span class='ocrx_word' id='word_1_481' title='bbox 2897 4583 3020 4653; x_wconf 81' lang='lat' dir='ltr'>effe</span> <span class='ocrx_word' id='word_1_482' title='bbox 3071 4577 3169 4644; x_wconf 87' lang='lat' dir='ltr'>vi-</span> 
     </span>
     <span class='ocr_line' id='line_1_42' title="bbox 144 4682 3172 4816; baseline -0.021 -8"><span class='ocrx_word' id='word_1_483' title='bbox 144 4740 475 4809; x_wconf 84' lang='lat' dir='ltr'>deatur.</span> <span class='ocrx_word' id='word_1_484' title='bbox 534 4725 941 4816; x_wconf 72' lang='lat' dir='ltr'>Quanquam</span> <span class='ocrx_word' id='word_1_485' title='bbox 993 4725 1213 4813; x_wconf 88' lang='lat' dir='ltr'>opinio</span> <span class='ocrx_word' id='word_1_486' title='bbox 1258 4721 1351 4791; x_wconf 85' lang='lat' dir='ltr'>est</span> <span class='ocrx_word' id='word_1_487' title='bbox 1403 4721 1473 4790; x_wconf 88' lang='lat'>&amp;</span> <span class='ocrx_word' id='word_1_488' title='bbox 1530 4733 1688 4782; x_wconf 89' lang='lat' dir='ltr'>eum</span> <span class='ocrx_word' id='word_1_489' title='bbox 1726 4759 1747 4793; x_wconf 90' lang='lat'>,</span> <span class='ocrx_word' id='word_1_490' title='bbox 1824 4706 1937 4795; x_wconf 88' lang='lat' dir='ltr'>qui</span> <span class='ocrx_word' id='word_1_491' title='bbox 1990 4699 2216 4768; x_wconf 84' lang='lat' dir='ltr'>multis</span> <span class='ocrx_word' id='word_1_492' title='bbox 2273 4697 2464 4764; x_wconf 88' lang='lat' dir='ltr'>annis</span> <span class='ocrx_word' id='word_1_493' title='bbox 2509 4707 2665 4761; x_wconf 87' lang='lat' dir='ltr'>ante</span> <span class='ocrx_word' id='word_1_494' title='bbox 2710 4691 2834 4758; x_wconf 79' lang='lat' dir='ltr'>hos</span> <span class='ocrx_word' id='word_1_495' title='bbox 2891 4682 3090 4756; x_wconf 89' lang='lat' dir='ltr'>fuerit</span> <span class='ocrx_word' id='word_1_496' title='bbox 3143 4725 3172 4760; x_wconf 80' lang='lat'>,</span> 
     </span>
     <span class='ocr_line' id='line_1_43' title="bbox 148 4772 3192 4916; baseline -0.022 -9"><span class='ocrx_word' id='word_1_497' title='bbox 148 4835 657 4916; x_wconf 65' lang='lat' dir='ltr'>Pisistratum,</span> <span class='ocrx_word' id='word_1_498' title='bbox 709 4830 779 4898; x_wconf 75' lang='grc' dir='ltr'>ὃ(</span> <span class='ocrx_word' id='word_1_499' title='bbox 835 4826 1031 4915; x_wconf 88' lang='lat' dir='ltr'>paulo</span> <span class='ocrx_word' id='word_1_500' title='bbox 1084 4823 1407 4894; x_wconf 85' lang='lat' dir='ltr'>seniorem</span> <span class='ocrx_word' id='word_1_501' title='bbox 1460 4817 1665 4887; x_wconf 86' lang='lat' dir='ltr'>etiam</span> <span class='ocrx_word' id='word_1_502' title='bbox 1720 4807 2039 4876; x_wconf 86' lang='lat' dir='ltr'>Solonem</span> <span class='ocrx_word' id='word_1_503' title='bbox 2082 4855 2105 4886; x_wconf 91' lang='lat'>,</span> <span class='ocrx_word' id='word_1_504' title='bbox 2174 4799 2514 4888; x_wconf 85' lang='lat' dir='ltr'>posteaque</span> <span class='ocrx_word' id='word_1_505' title='bbox 2563 4788 2966 4862; x_wconf 86' lang='lat' dir='ltr'>Clisthenem</span> <span class='ocrx_word' id='word_1_506' title='bbox 3019 4772 3192 4847; x_wconf 83' lang='lat' dir='ltr'>mul·</span> 
     </span>
     <span class='ocr_line' id='line_1_44' title="bbox 152 4888 3202 5023; baseline -0.023 -11"><span class='ocrx_word' id='word_1_507' title='bbox 152 4961 333 5011; x_wconf 85' lang='lat' dir='ltr'>tum</span> <span class='ocrx_word' id='word_1_508' title='bbox 366 4989 391 5023; x_wconf 89' lang='lat'>,</span> <span class='ocrx_word' id='word_1_509' title='bbox 450 4950 525 5000; x_wconf 87' lang='lat' dir='ltr'>ut</span> <span class='ocrx_word' id='word_1_510' title='bbox 575 4928 984 5020; x_wconf 87' lang='lat' dir='ltr'>temporibus</span> <span class='ocrx_word' id='word_1_511' title='bbox 1039 4927 1175 4997; x_wconf 88' lang='lat' dir='ltr'>illis</span> <span class='ocrx_word' id='word_1_512' title='bbox 1221 4982 1244 5015; x_wconf 92' lang='lat'>,</span> <span class='ocrx_word' id='word_1_513' title='bbox 1316 4917 1587 4991; x_wconf 83' lang='lat' dir='ltr'>valuisse</span> <span class='ocrx_word' id='word_1_514' title='bbox 1637 4909 1919 4981; x_wconf 82' lang='lat' dir='ltr'>dicendo</span> <span class='ocrx_word' id='word_1_515' title='bbox 1954 4955 1971 4974; x_wconf 87' lang='lat'><strong>.</strong></span> <span class='ocrx_word' id='word_1_516' title='bbox 2046 4901 2197 4971; x_wconf 86' lang='lat' dir='ltr'>Post</span> <span class='ocrx_word' id='word_1_517' title='bbox 2245 4903 2422 4967; x_wconf 80' lang='lat' dir='ltr'>hanc</span> <span class='ocrx_word' id='word_1_518' title='bbox 2473 4910 2730 4964; x_wconf 76' lang='lat' dir='ltr'>aetatem</span> <span class='ocrx_word' id='word_1_519' title='bbox 2785 4888 3034 4976; x_wconf 82' lang='lat' dir='ltr'>aliquot</span> <span class='ocrx_word' id='word_1_520' title='bbox 3086 4895 3202 4944; x_wconf 79' lang='lat' dir='ltr'>an·</span> 
     </span>
    </p>
   </div>
   <div class='ocr_carea' id='block_1_7' title="bbox 152 4987 3205 5158">
    <p class='ocr_par' dir='ltr' id='par_1_11' title="bbox 152 4987 3205 5158">
     <span class='ocr_line' id='line_1_45' title="bbox 152 4987 3205 5132; baseline -0.024 -16"><span class='ocrx_word' id='word_1_521' title='bbox 152 5049 337 5132; x_wconf 85' lang='lat' dir='ltr'>nis,</span> <span class='ocrx_word' id='word_1_522' title='bbox 414 5051 501 5110; x_wconf 85' lang='lat' dir='ltr'>ut</span> <span class='ocrx_word' id='word_1_523' title='bbox 550 5057 638 5108; x_wconf 83' lang='lat' dir='ltr'>ex</span> <span class='ocrx_word' id='word_1_524' title='bbox 692 5032 933 5110; x_wconf 81' lang='lat' dir='ltr'>Atticis</span> <span class='ocrx_word' id='word_1_525' title='bbox 1014 5025 1468 5104; x_wconf 86' lang='lat' dir='ltr'>monumentis</span> <span class='ocrx_word' id='word_1_526' title='bbox 1538 5013 1739 5112; x_wconf 83' lang='lat' dir='ltr'>potest</span> <span class='ocrx_word' id='word_1_527' title='bbox 1807 5005 2083 5102; x_wconf 82' lang='lat' dir='ltr'>perspici</span> <span class='ocrx_word' id='word_1_528' title='bbox 2123 5055 2147 5097; x_wconf 91' lang='lat'>,</span> <span class='ocrx_word' id='word_1_529' title='bbox 2215 4991 2698 5074; x_wconf 76' lang='lat' dir='ltr'>Themistocles</span> <span class='ocrx_word' id='word_1_530' title='bbox 2745 4987 2934 5076; x_wconf 71' lang='lat' dir='ltr'>fuit,</span> <span class='ocrx_word' id='word_1_531' title='bbox 3002 4995 3205 5074; x_wconf 88' lang='lat' dir='ltr'>quem</span> 
     </span>
     <span class='ocr_line' id='line_1_46' title="bbox 2945 5106 3104 5158; baseline -0.031 0"><span class='ocrx_word' id='word_1_532' title='bbox 2945 5106 3104 5158; x_wconf 87' lang='lat' dir='ltr'>con-</span> 
     </span>
    </p>
   </div>
   <div class='ocr_carea' id='block_1_8' title="bbox 4323 976 4344 1375">
    <p class='ocr_par' dir='ltr' id='par_1_12' title="bbox 4323 976 4344 1375">
     <span class='ocr_line' id='line_1_47' title="bbox 4323 976 4344 1375; textangle 90"><span class='ocrx_word' id='word_1_533' title='bbox 4323 1056 4344 1375; x_wconf 49' lang='lat' dir='ltr'>-—-.n..-*..-.</span> <span class='ocrx_word' id='word_1_534' title='bbox 4341 976 4343 981; x_wconf 78' lang='grc'><strong>,</strong></span> 
     </span>
    </p>
   </div>
  </div>
 </body>
</html>
