4359 6321
1225 480 1404 571 ωό
1893 454 3277 557 DEoRATORE.

1193 596 1458 665 Postero
1523 598 1748 657 autem
1795 584 1904 655 die
1941 636 1965 671 ,
2041 604 2203 653 cum
2253 581 2357 648 illi
2408 581 2698 659 majores
2750 596 2909 647 natu
2968 583 3121 653 satis
3194 582 3285 667 (*
3311 590 3345 665 )
3405 582 3719 675 quiessent
3762 634 3784 671 ‚
3852 589 3924 659 ὅ(
4000 589 4066 657 in

1089 693 1608 764 ambulationem
1664 703 1942 759 ventum
1992 686 2138 755 effet
2190 681 2541 769 3‘dicebat
2592 698 2741 753 tum
2778 680 3447 752 Scaevolam-duobus
3506 685 3719 773 spatiis
3772 689 4069 761 tribusve

1091 796 1317 879 fastis,
1359 789 1586 859 dixiffe
1623 840 1648 875 ,
1697 793 1835 859 Cur
1883 808 2020 857 non
2069 783 2413 851 imitamur
2474 794 2611 869 (13
2646 793 2672 870 )
2710 834 2736 868 ,
2782 784 2997 849 Crasse
3036 834 3062 868 ,
3110 788 3447 853 Socratem
3501 788 3701 855 illum
3740 838 3760 871 ,
3813 793 3926 879 qui
3980 791 4078 860 est

1089 897 1160 963 in
1211 892 1474 963 Phaedro
1524 890 1866 961 Platonis?
1921 891 2101 955 Nam
2152 905 2262 953 me
2308 884 2448 953 haec
2498 898 2615 953 tua
2664 882 2966 971 platanus
3021 884 3413 973 admonuit3
3466 909 3611 976 quae
3665 910 3797 955 non
3840 893 4068 963 minus

1088 997 1172 1064 ad
1219 990 1640 1087 opacandum
1686 993 1866 1061 hunc
1919 990 2142 1057 locum
2195 986 2434 1074 patulis
2482 983 2576 1051 est
2625 982 2863 1055 diffusa
2916 985 3157 1067 ramiS,
3208 1007 3413 1073 quam
3466 990 3625 1075 illa,
3675 992 3867 1071 cujus
3916 1016 4067 1063 um·-

1089 1094 1280 1165 bram
1333 1096 1594 1165 secutus
1643 1092 1736 1159 est
1787 1097 2085 1159 Socrates
2124 1141 2146 1173 ,
2212 1086 2356 1175 quae
2408 1084 2573 1151 mihi
2630 1085 2887 1151 videtur
2959 1105 3090 1152 non
3144 1101 3285 1151 tam
3341 1088 3475 1175 ipsa
3550 1094 3795 1180 aquula
3832 1110 3856 1178 ·,
3922 1116 4068 1184 quae

1087 1196 1480 1265 describit-ur
1521 1246 1542 1279 ‚
1587 1214 1792 1283 quam
1841 1190 2141 1258 Platonis
2194 1190 2487 1255 oratione
2536 1186 2843 1253 crevisse:
2902 1188 2973 1254 ἀ
3016 1236 3036 1268 ,
3090 1187 3265 1273 quod
3320 1190 3432 1255 ille
3484 1190 3841 1260 duriffimis
3893 1195 4065 1284 pedi-

1087 1296 1210 1364 bus
1264 1295 1462 1379 fecit,
1514 1311 1587 1360 ut
1641 1294 1705 1360 se
1763 1289 2067 1389 abjiceret
2119 1291 2185 1355 in
2236 1289 2552 1373 herbam,
2607 1304 2799 1375 atque
2850 1288 2939 1351 ita
2997 1286 3153 1371 illa,
3204 1310 3347 1375 quae
3402 1291 3769 1382 philosophi
3828 1296 4065 1365 divini.

1089 1414 1198 1465 tus
1255 1394 1470 1463 ferunt
1521 1394 1643 1461 effe
1693 1390 1910 1478 dieta,
1961 1393 2387 1481 loqueretur,
2438 1392 2503 1455 id
2562 1390 2724 1454 meis
2772 1387 3049 1473 'pedibus
3100 1403 3275 1455 certe
3326 1397 3593 1459 concedi
3646 1396 3737 1461 est
3773 1398 4065 1483 aequius·

1085 1499 1272 1561 Tum
1305 1494 1618 1571 'Crassum
1661 1547 1681 1578 ‚
1736 1498 1954 1559 Immo
2003 1514 2159 1560 vero
2211 1490 2628 1559 commodius
2677 1488 2933 1575 etiam3
3004 1489 3442 1579 pulvinosque
3497 1495 3844 1580 poposciffe
3884 1548 3905 1581 ,
3986 1500 4063 1567 δε

1085 1615 1320 1661 omnes
1377 1599 1444 1661 in
1501 1597 1573 1661 iis
1635 1594 1923 1679 sedibus,
1975 1618 2117 1683 q-uae
2168 1611 2355 1661 erant
2408 1592 2525 1669 sub
2576 1591 2883 1681 platano,
2934 1588 3280 1657 consediffe
3331 1592 3618 1661 dicebat.

1185 1697 1380 1761 vm.
1439 1693 1532 1758 Ibi
1575 1747 1609 1784 ,ι
1663 1712 1735 1761 ut
1784 1717 1864 1761 ex
1921 1696 2204 1783 pristino·
2246 1696 2542 1763 sermone
2592 1693 3052 1759 relaxarentur
3106 1694 3310 1757 animi
3384 1697 3692 1762 omnium
3728 1748 3748 1779 ‚
3824 1697 4065 1765 solebat

1089 1800 1288 1863 Cotta
1339 1816 1642 1881 narrare,
1695 1796 1991 1863 Crasshm
2048 1796 2418 1865 sermonem
2472 1795 2804 1885 quendam
2856 1790 2939 1859 de
2994 1791 3198 1858 studio
3232 1792 3495 1859 dicendi
3544 1796 3861 1863 intulisse.
3922 1801 4071 1881 Qui·

1090 1916 1256 1964 cum
1305 1899 1391 1973 ita
1443 1896 1589 1963 effet
1641 1896 1912 1963 exorsus
1957 1924 1986 1962 ι·
2047 1903 2197 1964 Non
2256 1898 2366 1965 fib:
2436 1894 2931 1963 cohortandum
2980 1894 3348 1976 Sulpicium
3420 1898 3488 1961 δε
3549 1903 3821 1961 Cottam
3864 1948 3883 1977 ‚
3954 1898 4063 1963 sed

1090 1997 1306 2084 magis
1364 2015 1722 2085 utrumque
1774 1998 2292 2069 collaudandum
2350 1998 2613 2080 videri3
2686 1997 2865 2082 quod
2920 2008 3177 2057 tantam
3228 1993 3377 2067 iam·
3416 1995 3615 2057 essent
3672 1994 4073 2063 facultatem

1083 2096 1300 2184 adepti
1345 2150 1366 2183 ‚
1439 2114 1509 2165 ut
1567 2120 1698 2163 non
1749 2098 2107 2185 aequalibus
2182 2098 2313 2165 suis
2370 2096 2584 2161 solum
2634 2108 3183 2179 anteponerentur
3223 2142 3249 2174 ,
3318 2091 3425 2157 sed
3500 2114 3655 2159 cum
3710 2099 4069 2175 majoribus

1081 2212 1242 2263 natu
1294 2214 1835 2283 compararentur
1877 2246 1892 2261 .
1953 2202 2188 2287 Neque
2241 2218 2398 2265 vero
2450 2198 2611 2261 mihi
2665 2195 3033 2283 quidquam
3076 2246 3098 2277 ,
3148 2192 3365 2279 inquit
3400 2246 3421 2275 ‚
3492 2194 3913 2279 praestabilius
3965 2200 4066 2265 vi-

1079 2296 1309 2382 detur,
1361 2318 1578 2387 quam.
1619 2296 1784 2384 posse
1837 2296 2112 2367 dicendo
2163 2316 2386 2373 tenete
2436 2298 2787 2363 hominum
2838 2312 3095 2377 emtus,
3146 2310 3403 2368 mentes
3454 2294 3766 2382 allicere,
3822 2300 4072 2371 volun-

1079 2412 1243 2463 tates
1295 2398 1628 2485 impellere
1681 2419 1818 2486 quo
1871 2400 2032 2466 velis
2075 2425 2092 2463 ε
2164 2400 2338 2465 unde
2393 2414 2609 2461 autem
2666 2395 2830 2460 velis
2868 2444 2893 2477 ,
2958 2395 3276 2459 deducere
3314 2440 3343 2454 ..
3400 2398 3559 2461 Haec
3631 2419 3768 2465 una
3834 2422 3939 2467 res
3988 2402 4071 2471 in

1077 2498 1268 2563 omni
1311 2498 1519 2563 libero
1569 2497 1814 2583 populo
1851 2546 1872 2577 ,
1923 2498 2347 2583 maximeque
2400 2496 2467 2559 in
2521 2496 2769 2580 pacatis
2810 2548 2830 2578 ‚
2885 2494 3383 2581 tranquillisque
3434 2496 3854 2585 civitatibuS‚
3903 2520 4079 2588 praem

1079 2597 1271 2681 cipue
1324 2594 1573 2681 semper
1629 2592 1852 2657 floruit
1893 2645 1930 2677 ,⁴
1965 2593 2348 2684 semperque
2396 2592 2725 2661 dominata
2782 2595 2870 2663 est
2907 2644 2921 2659 .
2982 2593 3165 2683 Qlid
3218 2595 3401 2663 enim
3450 2594 3543 2661 est
3594 2616 3707 2665 aut
3760 2618 3897 2667 tam
3948 2602 4067 2667 ad-

1078 2690 1422 2776 mirabile,
1473 2712 1676 2780 quam
1726 2713 1808 2757 ex
1863 2694 2121 2761 infinita
2171 2695 2595 2763 multitudine
2642 2695 2995 2761 hominum
3047 2696 3353 2762 exsistere
3402 2719 3617 2763 unum
3654 2754 3675 2784 ‚
3722 2697 3881 2795 qui}
3936 2702 3999 2768 id
4040 2754 4081 2787 ,

1084 2794 1260 2882 quod
1313 2792 1622 2865 omnibus
1672 2810 1920 2871 natura,
1959 2796 2036 2861 fit
2090 2797 2329 2863 datum
2364 2850 2383 2881 ‚
2436 2796 2539 2861 vel
2599 2794 2775 2861 solus
2818 2850 2839 2880 ,
2892 2796 3003 2861 vel
3054 2816 3211 2861 cum
3264 2788 3491 2880 paucis
3542 2798 3756 2867 facere
3809 2801 4059 2889 poffit?

1083 2912 1200 2962 aut
1257 2910 1394 2961 tam
1449 2892 1816 2971 jucundum
1867 2898 2142 2984 cognitu
2201 2914 2395 2985 atque
2448 2895 2721 2978 auditu,
2773 2914 2985 2982 quam
3030 2890 3435 2979 sapientibus.
3460 2894 3787 2964 sententiis
3840 2904 4081 2987 gravi-

1083 2993 1341 3080 busque
1397 2994 1613 3063 verbis
1665 3010 1892 3066 orna-ta
1944 2999 2197 3082 oratio,
2250 3002 2318 3067 δε
2378 2996 2754 3084 perpolita?
2808 3012 2919 3061 aut
2970 3010 3104 3061 tam
3158 3009 3430 3079 poten-3,
3484 3010 3749 3085 tamque
3802 3002 4067 3086 magni-

1087 3094 1336 3178 ficum,
1389 3116 1596 3185 quam
1647 3098 1868 3184 populi
1922 3116 2184 3184 mutua,
2240 3100 2541 3177 judicum
2599 3095 2994 3184 religione3‚
3048 3094 3307 3163 senatus
3361 3097 3809 3182 grayitatem,
3863 3102 4081 3168 unius.

1082 3199 1392 3264 oratione·
1433 3197 1786 3264 converti?
1842 3198 2026 3280 Quid
2081 3222 2281 3288 porro
2332 3218 2472 3266 tam
2526 3201 2830 3286 regium,
2880 3215 3021 3265 tam
3072 3195 3379 3278 liberale,
3431 3213 3569 3262 tam
3622 3199 4065 3286 munificum,

1085 3315 1295 3388 quam
1347 3316 1546 3383 opem
1596 3297 1766 3364 ferre
1821 3297 2267 3386 supplicibus„
2313 3301 2603 3365 excitare
2656 3295 2981 3382 afflistoe,
3027 3297 3189 3364 dare
3239 3293 3517 3364 salutem
3556 3349 3575 3380 ‚
3626 3295 3903 3368 liberare
3955 3323 4075 3390 pe·-

1087 3396 1358 3479 riculis„
1407 3398 1686 3462 retinere
1737 3397 2042 3467 homines
2095 3403 2161 3466 in
2220 3400 2535 3468 civitate?
2599 3397 2781 3484 Qid
2836 3416 3059 3465 autem
3112 3413 3257 3472 tam
3302 3397 3730 3466 necess'arium
3766 3451 3789 3485 ‚
3860 3424 4071 3490 quam

1089 3510 1310 3562 tenere
1365 3494 1616 3586 semper
1667 3513 1850 3560 arma
1889 3551 1912 3583 ‚
1983 3497 2218 3593 quibus
2270 3502 2377 3565 vel
2434 3497 2643 3565 tetius
2698 3497 2827 3586 ipse
2876 3499 2997 3568 effe
3047 3495 3234 3587 poffis
3272 3548 3292 3581 ,
3366 3497 3471 3563 vel
3522 3521 3885 3588 provocare
3934 3505 4061 3572 im-

1093 3597 1367 3681 probOS,
1417 3598 1526 3664 vel
1581 3613 1644 3662 te
1681 3596 1910 3668 ulcisci
1969 3600 2331 3672 laceffitus?

1197 3697 1348 3784 Age
1399 3714 1602 3777 vere,
1653 3716 1734 3760 ne
1786 3695 2035 3781 semper
2089 3701 2351 3784 forum,
2407 3698 2707 3768 subsellia
2758 3711 2957 3788 (-1·4)
2990 3751 3011 3786 ‚
3059 3699 3301 3784 rostra,
3350 3701 3741 3792 curiamque
3790 3705 4075 3774 medice-

1094 3811 1166 3858 re
1201 3843 1224 3878 ,
1305 3791 1632 3878 quidesse
1681 3794 1881 3876 potest
1936 3795 2003 3860 in
2053 3799 2191 3862 otio
2242 3813 2355 3863 aut
2412 3801 2765 3875 jucundius
2804 3853 2823 3885 ,
2876 3819 2986 3865 aut
3036 3801 3254 3886 magis
3304 3804 3635 3888 proprium
3686 3805 4063 3876 humanita-

1099 3894 1228 3977 tis,
1276 3911 1478 3978 quam
1533 3889 1770 3958 sermo·
1802 3893 2056 3963 facetus·
2095 3951 2115 3982 ‚
2157 3915 2235 3962 ac
2290 3898 2477 3966 nulla
2530 3901 2600 3964 in
2652 3920 2723 3965 re
2774 3898 2953 3968 rudis
2992 3901 3033 3964 ?·
3074 3904 3217 3973 Hoc
3268 3903 3451 3968 enim
3504 3930 3641 3974 uno
3690 3907 4059 3993 praestamus

1097 3992 1206 4061 vel
1259 3991 1552 4060 maxime
1605 3990 1765 4058 feris
1805 4047 1824 4080 ,
1875 3995 2050 4084 quod
2101 3997 2541 4087 colloquimur
2596 4000 2769 4068 inter
2826 4022 2947 4068 nos
2998 4051 3018 4086 ‚
3072 4003 3141 4069 ὃ(
3202 4001 3375 4090 quod
3424 4009 3789 4098 exprimere
3841 4009 4065 4078 dicen·-

1095 4087 1179 4162 do
1231 4087 1410 4160 sensa
1463 4091 1838 4180 possumus·
1891 4096 2349 4184 Quamobrem
2398 4100 2545 4190 quis
2596 4100 2722 4172 hoc
2776 4125 2913 4174 non
2966 4103 3109 4184 jure
3158 4105 3440 4176 miretur
3480 4156 3521 4194 ,‚
3552 4107 3935 4196 summeque
3984 4114 4077 4177 in..

3876 4231 3957 4281 ΒΩ

1167 4541 1288 4607 (³)
1324 4512 1649 4623 Quseffem)
1701 4550 1852 4608 Viet.
1899 4555 2049 4610 Man.
2141 4553 2411 4626 uieffent,
2463 4562 2525 4614 in
2628 4557 2875 4617 dicebant
2970 4575 3189 4614 raetores
3227 4599 3243 4623 ,
3295 4564 3350 4616 ὃ(
3404 4561 3610 4628 judices
3662 4561 3728 4619 ab
3782 4555 3847 4614 iis
3900 4557 4011 4615 dati
4039 4581 4053 4615 :

1095 4612 1533 4675 ambulaturam
1571 4638 1805 4678 ventum
1835 4623 1931 4694 effis
1967 4625 2080 4681 dice
2119 4641 2218 4680 at:
2256 4642 2381 4684 tum
2628 4631 2774 4687 unde
2810 4649 2903 4688 cau
2932 4649 2973 4684 ιε
3013 4627 3253 4686 forenses
3286 4633 3734 4702 appellabantur.
3784 4629 4061 4698 Subsellia

1096 4750 1110 4762 ,
1164 4689 1192 4748 (
1219 4691 1328 4758 ¹3)
1369 4693 1484 4744 cur
1511 4707 1629 4768 nqn
1658 4697 2203 4775 mmmm-Apud
2242 4699 2527 4758 Platonem
2628 4701 2738 4758 eise
2776 4701 3121 4758 tribunorum
3142 4740 3159 4764 ,
3196 4705 3637 4770 triumvirorum,
3692 4701 4020 4778 quaestorum
4042 4741 4059 4766 ‚

1092 4771 1155 4808 m
1195 4753 1446 4826 dialogo,
1485 4775 1578 4830 qul
1617 4761 1869 4822 Phaedrus
1905 4763 2278 4835 inscribitur,
2333 4773 2522 4828 Socra-
2629 4777 2683 4828 δε
2720 4773 2949 4828 aliorum
2995 4773 3207 4826 minora
3256 4772 3455 4843 judicia
3507 4793 3889 4836 exercentium
3926 4769 4063 4829 scri-

1093 4841 1174 4881 te⁸
1207 4825 1276 4884 ad
1311 4826 1568 4897 Bistam,
1601 4832 1802 4894 Atticae
1841 4837 2074 4894 fluvium
2101 4880 2140 4908 ,‚
2173 4841 2419 4898 molliter
2462 4844 2521 4899 in
2624 4842 2703 4900 bit
2742 4841 3041 4900 Asconius.
3082 4842 3305 4912 Rostra,
3346 4845 3489 4903 locus
3526 4866 3641 4906 erat
3668 4893 3682 4915 ,
3716 4867 3783 4904 ex
3826 4863 3937 4918 quo
3974 4843 4065 4902 di-

1089 4893 1256 4954 herba
1311 4903 1626 4959 recumbens
1649 4945 1667 4970 ,
1719 4904 1830 4964 sub.
1859 4909 1966 4965 alta
2013 4915 2070 4965 δι
2103 4912 2304 4982 patulis
2334 4911 2522 4970 diflusa
2620 4913 2811 4972 cebant
2862 4933 3103 4970 oratores
3140 4914 3205 4972 ad
3240 4918 3507 4996 populum
3538 4961 3555 4976 .
3596 4924 3814 4986 Curi»,
3846 4919 3941 4979 ubi
3979 4915 4065 4976 se·

1089 4969 1251 5026 ramis
1285 4970 1543 5042 platano,
1581 4975 1750 5034 multa
1787 4976 2042 5036 disserit.
2079 4983 2285 5042 Idem..
2623 5005 2838 5042 natm-es
2874 4990 2930 5042 δε
2968 4985 3244 5057 principes
3280 4993 3518 5047 civitatis
3555 4991 3624 5048 de
3662 5012 3781 5068 rep.
3818 4987 4081 5055 adtrahi--

1165 5043 1328 5114 (¹4)
1365 5051 1593 5114 Forum,
1625 5045 1941 5122 subsellii,
1967 5056 2070 5109 διε.
2109 5061 2136 5122 )
2175 5059 2247 5115 In
2284 5053 2407 5114 foro
2438 5060 2523 5128 jus
2618 5055 2835 5120 stranda
2868 5055 3017 5120 inter
3052 5053 3121 5118 se.
3142 5057 3397 5132 agebant.
3433 5063 3626 5124 Idem.

4304 663 4313 728 -ae—
4303 551 4313 638 -ι-
4305 495 4313 504 ι
4302 406 4314 454 —ae
