4359 6321
983 515 1612 607 LIBER
1739 517 2547 614 PRIMUS.
3010 557 3117 652 31

242 658 400 713 cum
445 634 596 704 effer
655 633 1066 704 intelleftum
1105 688 1126 722 ,
1175 637 1597 724 repudiatum
1651 637 1734 706 iri
1789 638 2010 728 legem
2061 641 2524 733 intelligebant
2576 689 2597 708 .
2654 644 2873 712 Nem'o
2920 653 3101 714 enim
3154 651 3249 720 le.

235 763 352 835 ges
401 737 638 827 legum
690 735 884 807 causa
938 737 1155 808 salvas
1205 739 1328 806 else
1381 737 1532 808 vult
1568 793 1590 825 ,
1661 737 1766 807 sed
1819 741 2189 828 reipubl-ica:
2230 797 2252 830 ,
2320 745 2498 834 quod
2568 764 2654 811 ex
2706 743 2965 836 legibus
3012 767 3251 820 omnes

227 839 632 930 respublicas
677 843 929 930 optime
981 853 1217 930 putant
1273 839 1716 908 administrari
1755 885 1778 906 .
1845 845 2071 927 Quam
2143 841 2229 910 ob
2280 864 2420 912 rem
2489 847 2696 935 igitur
2770 849 2965 938 leges
3006 847 3247 918 servari

223 959 522 1034 oportet,
573 940 856 1012 ard-eam
901 939 1173 1011 causam
1225 938 1464 1030 scripta
1510 941 1738 1011 omnia
1787 942 2211 1032 interpretari
2262 949 2581 1014 convenit
2620 972 2639 1012 ε
2692 948 2829 1017 hoc
2878 949 2975 1018 est
3011 1004 3030 1035 ,
3081 973 3249 1040 quo-

225 1049 414 1116 niam
463 1040 828 1132 reipublicae
879 1043 1212 1112 servimus
1251 1094 1274 1129 ,
1335 1063 1426 1110 ex
1479 1041 1848 1133 reipublicae
1895 1045 2253 1112 commodo
2326 1065 2523 1138 atquc
2570 1049 2861 1118 utilitate
2912 1052 3095 1140 leges
3142 1055 3249 1120 in·

232 1141 713 1237 terpretemur·
769 1149 952 1214 Nam
1003 1161 1079 1214 ut
1127 1163 1214 1212 ex
1265 1144 1592 1212 medicina
1643 1144 1806 1213 nibil
1859 1161 2118 1233 oportet
2173 1163 2407 1234 putare
2462 1147 2787 1237 proficisci
2829 1200 2850 1235 ‚
2902 1151 3024 1218 nifi
3074 1153 3252 1242 quod

233 1249 314 1314 ad
359 1249 650 1337 corporis
703 1249 1060 1316 utilitatem
1113 1243 1354 1334 spestat
1397 1297 1419 1335 ,
1467 1245 1792 1338 quoniam
1837 1245 1986 1326 eiua
2035 1245 2236 1320 causa
2282 1247 2379 1319 est
2426 1249 2780 1337 instituta;
2852 1249 2941 1318 fic
2994 1271 3033 1318 a
3084 1253 3249 1341 legi·

228 1347 348 1417 bus
397 1349 565 1416 nihil
620 1351 931 1419 convenit
983 1344 1324 1433 arbitrari,
1371 1347 1495 1425 nili
1543 1349 1720 1438 quod
1771 1347 2148 1436 reipublicae
2202 1352 2535 1422 conducat
2574 1403 2596 1437 ‚
2654 1349 2976 1440 proficisci
3008 1404 3035 1438 ‚
3078 1372 3241 1442 quo·

221 1452 410 1518 niam
463 1451 608 1530 eius
656 1451 858 1520 causa
909 1452 1062 1518 sunt
1106 1467 1500 1540 comparatae
1537 1495 1556 1515 .
1611 1453 1798 1539 Ergo
1841 1451 1918 1516 in
1966 1450 2098 1522 hoc
2147 1473 2419 1543 quoque
2474 1453 2723 1532 iudicio
2769 1451 3045 1522 definite
3102 1455 3247 1522 lite-

225 1571 336 1618 ras
405 1553 573 1642 legis
637 1551 1090 1641 perscrutari3
1159 1555 1232 1622 &
1304 1551 1526 1643 legem
1566 1602 1589 1638 ,
1655 1567 1734 1620 ut
1803 1571 2068 1642 aequum
2129 1553 2227 1620 est
2269 1605 2291 1640 ,
2374 1575 2463 1620 ex
2528 1554 2811 1622 utilitate
2874 1551 3241 1643 reipublicae

221 1669 260 1742 s
289 1655 324 1692 ⁴³
352 1665 378 1741 )
429 1651 874 1724 confiderate.
947 1655 1134 1744 Quid
1181 1655 1370 1722 enim
1423 1653 1641 1744 magis
1691 1653 1856 1723 utile
1907 1651 2247 1722 Thebanis
2299 1654 2425 1723 fuit
2465 1707 2486 1741 ‚
2556 1675 2763 1745 quam
2814 1655 3231 1724 Lacedaemo-

221 1753 367 1821 nios
416 1755 762 1845 opprimi?
807 1755 988 1843 Quid
1037 1759 1252 1846 magis
1305 1755 1877 1846 Epaminondam,
1927 1753 2406 1826 Thebanorum
2460 1761 2929 1847 imperatorem
2964 1808 2987 1843 ,
3036 1777 3250 1847 quam

223 1853 512 1924 vistoriae
550 1857 1040 1928 'Thebanorum
1089 1857 1436 1926 consulere
1485 1855 1710 1929 decuit
1747 1858 1784 1922 ἕ
1855 1857 2044 1946 Quid
2087 1857 2275 1928 hunc
2322 1873 2507 1927 tauta
2560 1855 3047 1927 Thebanorum
3094 1857 3251 1947 glo-⁶

226 1953 328 2019 ria
378 2006 398 2039 ,
445 1969 588 2018 tam
635 1956 820 2021 claro
867 1975 1066 2042 atque
1111 1975 1436 2024 exornato
1483 1973 1726 2047 tropzo
1775 1959 1996 2028 carius
2039 2011 2062 2046 ‚
2125 1975 2325 2050 atque
2374 1961 2711 2051 antiquius
2776 1957 3017 2028 habere
3070 1977 3237 2026 con-

225 2055 417 2120 venit
457 2053 486 2116 ?
539 2055 794 2141 Scripto
841 2053 1144 2121 videlicet
1193 2055 1362 2140 legis
1409 2059 1634 2124 omiffo
1683 2109 1705 2141 ,
1757 2058 2088 2146 scriptoris
2141 2058 2535 2128 sententiam
2586 2060 2996 2130 confidente
3048 2055 3245 2128 debe·

225 2151 376 2218 bat.
433 2159 658 2244 Atque
709 2153 835 2221 hoc
887 2151 1156 2244 quidem
1213 2151 1370 2219 satis
1419 2155 1904 2220 consideratum
1949 2157 2085 2240 est,
2131 2160 2401 2226 nullam
2446 2161 2569 2228 effe
2622 2161 2889 2249 legem,
2940 2160 3061 2230 nifi
3113 2159 3241 2225 rei-

219 2252 494 2342 publicae
542 2256 741 2322 causa
787 2255 1108 2343 scriptam
1143 2303 1161 2319 .
1231 2259 1587 2326 Summam
1641 2255 1848 2342 igitur
1901 2248 2264 2322 amentiam
2325 2255 2466 2323 esse
2514 2258 2923 2327 existimabat
2968 2311 2993 2345 ‚
3060 2255 3243 2349 quod

223 2355 544 2443 scriptum
591 2355 760 2423 esset
808 2353 1180 2443 reipublicae
1235 2353 1470 2420 salutis
1521 2355 1762 2438 causa,
1813 2353 1880 2420 id
1935 2354 2072 2420 non
2119 2377 2209 2422 ex
2244 2355 2618 2443 reipublicae
2660 2353 2871 2425 salute
2921 2360 3250 2445 interpre-

217 2458 392 2522 tari.
447 2458 648 2540 Quod
699 2455 748 2523 fi
799 2455 982 2546 leges
1033 2471 1266 2521 omnes
1317 2452 1399 2520 ad
1449 2447 1808 2521 utilitatem
1860 2451 2235 2540 reipublicae
2275 2455 2512 2522 referri
2550 2460 2906 2542 convenit,
2967 2459 3077 2524 hic
3126 2476 3245 2523 au-

216 2571 361 2625 tem
416 2555 610 2626 saluti
661 2557 1032 2646 reipublicae
1084 2545 1330 2643 profuit
1351 2606 1373 2641 ‚
1423 2551 1722 2645 profesto
1775 2575 1912 2621 non
1967 2551 2170 2641 potest
2218 2555 2450 2622 eodem
2502 2555 2683 2623 fabio
2737 2559 2805 2625 &c
2860 2557 3245 2625 communi-

215 2655 349 2726 bus
403 2659 696 2726 fortunis
741 2651 1196 2743 consuluisse,
1251 2660 1322 2726 &
1379 2655 1638 2747 legibus
1691 2679 1828 2724 non
1883 2653 2396 2743 obtemperasse.
2857 2671 2863 2676 ·

327 2761 644 2826 XXXIX.
699 2763 1005 2842 Quatuor
1060 2773 1285 2825 autem
1335 2757 1628 2848 partibus
1679 2753 1934 2827 constat
1984 2753 2488 2846 argumentatio
2536 2808 2557 2842 ,
2624 2777 2785 2825 cum
2838 2772 2955 2826 aut
3006 2778 3237 2846 propo-

215 2859 448 2927 nimus
501 2861 763 2950 (81),
816 2879 931 2929 aut
979 2861 1382 2928 assumimus
1433 2865 1576 2948 (82
1607 2867 1640 2944 J
1707 2857 1842 2926 fine
1891 2856 2357 2948 approbatione
2395 2905 2414 2925 .
2490 2857 2565 2924 ld
2621 2857 2843 2928 facere
2906 2875 3165 2946 oportet
3216 2888 3253 2942 ,-

218 2981 383 3029 cum
439 2975 552 3028 aut
604 2962 953 3050 propositio
1002 2983 1090 3030 ex
1145 2961 1208 3030 se
1257 2962 1666 3052 intelligitur
1705 3013 1726 3046 ,
1779 2977 1894 3028 aut
1947 2958 2308 3048 assumptio
2354 2957 2701 3048 perspicua
2748 2957 2841 3028 est
2880 3009 2906 3044 ‚.
2954 2960 3025 3028 δε
3086 2957 3241 3026 nul-

211 3063 355 3130 lius
406 3061 888 3153 approbationis
939 3064 1192 3154 indiget
1231 3113 1245 3128 .
1321 3063 1786 3154 Propolitionis
1837 3059 2301 3151 approbatione
2352 3061 2675 3150 praeterita
2726 3111 2750 3146 ‚
2816 3075 3099 3150 quatuor
3148 3081 3249 3128 ex·

215 3164 518 3251 partibus
571 3166 1062 3253 argumentatio
1110 3159 1428 3235 trastatu'r
1481 3166 1561 3232 ad
1613 3166 1795 3233 hunc
1848 3160 2123 3233 modum
2171 3189 2193 3229 ε
2246 3166 2521 3245 Iudices
2558 3216 2579 3247 ,
2626 3163 2745 3252 qui
2790 3184 2877 3229 ex
2932 3162 3082 3250 iege
3136 3162 3241 3239 iu·-

219 3265 352 3329 rati
405 3260 704 3339 judicatis
744 3315 766 3350 ‚
817 3262 1073 3351 legibus
1121 3264 1564 3355 obtemperare
1615 3266 1862 3335 debetis
1899 3314 1916 3333 .
1987 3262 2465 3352 obtemperare
2515 3280 2741 3331 autem
2788 3262 3047 3349 legibus
3102 3282 3245 3327 non

215 3364 525 3452 potestiS,
579 3362 702 3430 nili
751 3365 930 3454 quod
984 3362 1298 3451 scriptum
1345 3366 1440 3433 est
1489 3368 1558 3433 in
1609 3367 1758 3455 lege
1797 3416 1819 3451 ,
1874 3365 2295 3453 sequamini.
2368 3364 2570 3443 Qod
2618 3363 2805 3424 enim
2852 3360 3097 3425 certius
3148 3360 3237 3423 le-

216 3464 326 3553 gis
379 3462 652 3553 scriptor
717 3464 1165 3533 testimonium
1237 3466 1598 3531 voluntatis
1650 3467 1776 3531 suae
1826 3466 2199 3549 relinquere
2249 3460 2463 3546 potuit
2502 3506 2524 3537 ,
2592 3472 2797 3543 quam
2870 3456 3051 3541 quod
3104 3456 3251 3541 iple·

214 3586 476 3655 magna
527 3586 685 3635 curn
735 3586 898 3635 cura
971 3584 1169 3655 atque
1236 3564 1584 3652 diligentia
1635 3556 1884 3648 scripsit
1927 3560 1954 3623 Ρ
2033 3556 2240 3644 Qod
2293 3556 2339 3625 fi
2394 3548 3165 3622 literae-non‘exstareut
3216 3606 3245 3641 ,

213 3686 632 3753 magnopere
680 3684 794 3729 eas
845 3666 1338 3753 requireremus
1377 3716 1398 3747 ,
1469 3680 1544 3734 ut
1597 3682 1682 3729 ex
1735 3662 1850 3727 his
1899 3659 2225 3745 scriptoris
2274 3654 2584 3723 voluntas
2620 3649 3171 3744 ‘cognosceretur
3220 3680 3247 3721 ι

74 3756 90 3763 ”
211 3786 346 3837 nec
397 3782 620 3830 tamen
677 3764 1137 3850 Epaminondae
1190 3764 1726 3852 permitteremus
1759 3811 1782 3846 ,
1835 3776 1922 3825 ne
1970 3758 2016 3823 fi
2067 3772 2253 3823 extra
2310 3751 2951 3842 judiciuquuidem
2998 3753 3167 3821 esset
3214 3806 3235 3843 ,

213 3881 298 3934 ut
351 3868 410 3933 is
465 3862 644 3931 nobis
695 3862 1082 3931 sententiam
1152 3864 1323 3953 legis
1373 3864 1910 3950 interpretaretur
1953 3908 1976 3944 ,
2049 3856 2301 3927 nedum
2352 3875 2535 3922 nunc
2603 3852 2771 3923 istud
2828 3856 3157 3942 patiamur
3208 3908 3231 3940 ‚

212 3986 380 4035 cum
431 3964 652 4053 praesto
701 3965 810 4033 lex
868 3962 984 4050 fit,
1036 3983 1164 4031 non
1213 3986 1299 4032 ex
1351 3982 1469 4048 ec,
1521 3964 1693 4052 quod
1745 3958 2131 4048 apertiliime
2184 3957 2501 4046 scriptum
2552 3954 2649 4023 est
2706 4008 2727 4041 ,
2780 3953 2891 4023 sed
2940 3976 3025 4024 ex
3076 3975 3157 4022 eo
3210 4006 3233 4042 ,

207 4068 389 4157 quod
447 4064 576 4133 suae
627 4064 833 4134 causae
887 4068 1242 4153 convenit,
1292 4066 1619 4154 scriptoris
1678 4064 2108 4131 voluntatem
2157 4063 2617 4148 interpretari.
2662 4058 2877 4142 ·Q10d
2933 4056 2979 4126 fi
3030 4076 3155 4124 vos
3202 4109 3225 4141 ,

215 4168 526 4252 ludices,
613 4166 868 4256 legibus
917 4164 1366 4256 obtemperare
1415 4165 1664 4236 debetis
1697 4218 1718 4252 ‚
1783 4167 1862 4235 ὃ(
1916 4162 1984 4231 id
2037 4164 2258 4231 facere
2308 4181 2447 4227 non
2498 4156 2761 4247 potestis
2797 4210 2818 4245 ,
2888 4156 3009 4225 nifi
3058 4158 3231 4249 quod

215 4266 532 4357 scriptum
583 4267 676 4337 est
727 4270 794 4337 in
843 4270 995 4361 lege
1029 4320 1054 4358 ,
1107 4270 1528 4359 sequamini,
1576 4268 1738 4361 quid
1785 4264 2004 4338 causae
2050 4264 2146 4336 est
2184 4317 2208 4352 ,
2256 4265 2419 4354 quin
2466 4260 2665 4339 istum
2712 4274 2955 4333 contra
3006 4257 3227 4357 legem

221 4368 455 4439 fecisse
505 4370 856 4451 judicetis?

2856 4462 3136 4534 Assum-

217 4724 3167 4811 M

323 4906 441 4970 (⁴¹)
484 4906 884 4990 cmssdffau)
919 4916 1072 4976 Man·
1109 4914 1290 4979 Lamb.
1323 4914 1698 4992 confidente:
1795 4908 2006 4972 scholis
2042 4906 2379 4982 appellatur.
2414 4903 2598 4961 idem.
3142 4959 3158 4974 ⁶

261 4976 408 5063 quod
444 4978 534 5035 ¹⁷⁸⁶
569 4982 739 5049 lecet.
776 4986 942 5067 Quid
978 4990 1158 5046 enim.
1699 4984 1714 4995 '
1873 4988 2030 5051 (82)
2067 4976 2448 5053 Affume‘mm)
2484 4964 2557 5033 Id
2590 4969 2705 5040 est,
2730 4986 2855 5053 ‚eam
2886 4958 3233 5098 ssfflpffiflf’t

275 5127 286 5137 ,
315 5060 346 5121 (
367 5064 430 5114 81
467 5056 492 5116 )
527 5062 922 5139 Prqponimus)
957 5062 1086 5121 Hoc
1124 5060 1203 5121 est
1243 5102 1261 5129 ,
1291 5080 1412 5121 cum
1447 5056 1704 5141 proposi-
1802 5074 1932 5116 nem
1968 5050 2284 5113 conficimus
2318 5088 2339 5113 ,
2384 5060 2548 5119 quam
2596 5060 2771 5105 aetatrs
2804 5058 2883 5102 no
2932 5054 3007 5098 rae
3047 5037 3235 5111 Logrcr

243 5146 464 5189 nonem
537 5130 870 5190 eflornumus
911 5174 932 5202 ,
1001 5152 1122 5206 quae
1189 5134 1360 5207 vulgo
1409 5140 1596 5206 Maior
1647 5150 1710 5191 in
1813 5133 2087 5187 mirorem
2125 5134 2358 5185 vocant.
2391 5116 2573 5177 Idem.
