4359 6321
1288 514 1465 607 '124
2015 496 2253 586 DE
2374 492 3330 585 ORATORE

1155 622 1335 693 cium
1385 610 1648 700 impedit
1701 614 1911 704 pudor
1968 614 2049 682 ab
2117 614 2388 681 homine
2434 616 2737 681 omnium
2788 612 3164 700 graviffirno
3201 664 3223 697 ‚
3290 609 3401 701 qui
3471 630 3684 702 genus
3753 612 4127 692 huiusmodi

1153 714 1608 809 disputationis
1661 713 1912 805 semper
1965 713 2469 803 contempserit,
2521 714 2697 800 haze,
2751 715 2863 802 qui
2918 712 3017 778 isti
3070 711 3339 779 forsitan
3389 734 3739 799 puerorum
3793 717 4124 784 elementa

1155 822 1544 902 videantur,
1591 820 1936 909 exquirere
1975 864 1990 883 .
2062 815 2187 883 Sed
2234 830 2303 880 tu
2360 812 2543 881 nobis
2593 815 2675 883 da
2714 867 2735 898 ,
2803 812 3093 882 Scaevola
3134 864 3157 897 ‚
3230 815 3298 881 &
3356 812 3599 901 perfice
3658 866 3680 901 ‚
3752 833 3825 883 ut
3874 820 4133 885 Craffus

1152 924 1330 1008 haec,
1379 940 1524 1008 quae
1573 919 1969 1006 coarctavit,
2021 919 2094 988 &
2148 912 2541 1004 peranguste
2589 913 2844 983 referfit
2897 915 2968 983 in
3020 912 3308 981 oratione
3362 912 3475 983 sua
3514 967 3535 1002 ‚
3608 916 3832 986 dilatet
3882 918 4069 987 nobis
4112 966 4135 1005 ,

1153 1039 1347 1115 atque
1397 1020 1714 1108 explicet.
2354 1050 2371 1065 ·
3286 1069 3291 1076 .

1267 1128 1410 1211 Ego
1459 1118 1884 1207 mehercule,
1934 1119 2148 1209 inquit
2200 1118 2515 1204 Mucius,
2566 1131 2753 1182 antea
2808 1113 3018 1183 vestra
3073 1116 3290 1205 magis
3338 1116 3466 1187 hoc
3516 1117 3711 1187 causa
3770 1118 4075 1189 volebam
4112 1168 4135 1205 ,

1150 1244 1350 1312 quam
1402 1238 1546 1287 mea
1600 1244 1615 1283 ε
1689 1240 1901 1309 neque
1967 1219 2149 1286 enim
2220 1234 2556 1309 tantopere
2623 1216 2797 1287 hanc
2870 1237 2907 1283 a
2954 1218 3179 1285 Craffo
3244 1217 3742 1307 disputationem
3814 1220 4135 1289 defidera-

1149 1324 1344 1406 bam,
1395 1335 1805 1410 quantopore
1855 1322 1998 1399 ejus
2049 1321 2119 1385 in
2171 1320 2382 1387 caufis
2432 1320 2731 1386 oratione
2778 1316 3099 1387 delector.
3152 1322 3351 1387 Nunc
3403 1340 3606 1406 vero,
3654 1323 3869 1389 Craffe
3913 1374 3932 1406 ,
3986 1338 4138 1387 mea

1146 1440 1410 1513 quoque
1459 1420 1664 1488 etiarn
1717 1420 1916 1489 causa
1970 1440 2132 1509 rogo
2153 1416 2185 1506 ‚'
2224 1436 2299 1485 ut
2350 1422 2667 1511 quoniam
2718 1436 2981 1486 tantum
3031 1418 3351 1488 habemus
3402 1422 3561 1506 otii,
3609 1438 3938 1510 quantum
3965 1423 4135 1498 jam·

1139 1522 1256 1591 diu
1311 1520 1493 1589 nobis
1547 1543 1679 1588 non
1731 1522 2008 1609 contigit
2045 1575 2066 1609 ,
2133 1541 2219 1586 ne
2270 1522 2571 1609 graveris
2618 1519 3023 1588 exaedificare
3088 1524 3155 1588 id
3207 1544 3371 1609 opus
3411 1574 3434 1607 ‚
3502 1520 3676 1610 quod
3726 1520 4054 1587 instituisti
4116 1566 4135 1585 .

1144 1625 1468 1689 Formam
1516 1624 1696 1690 enim
1751 1625 1956 1688 toti‘us
2004 1622 2257 1711 negotii
2308 1624 2613 1714 opinione
2665 1622 3025 1708 majorem,
3075 1622 3551 1712 melioremque
3608 1623 3860 1710 vide03
3930 1640 4139 1710 quam

1146 1724 1574 1793 vehementer
1627 1722 1867 1809 probe.

1246 1826 1565 1892 XXXVI.
1625 1826 2014 1909 Enimvero,
2067 1824 2281 1912 inquit
2334 1824 2601 1911 cassus,
2655 1822 2891 1892 mirari
2942 1820 3093 1889 latis
3147 1843 3279 1889 non
3330 1844 3549 1913 queo,
3594 1824 3805 1891 etiam
3864 1838 3929 1889 te
3951 1822 4139 1907 haec,

1140 1926 1432 1992 Scaevola
1462 1977 1482 2010 ,
1532 1923 1932 2008 desiderare,
1983 1947 2128 2013 quae
2186 1945 2399 2012 neque
2444 1946 2569 2013 ego
2620 1938 2854 2006 tene0,
2905 1925 3001 1990 uti
3053 1924 3140 2007 ii,
3189 1922 3301 2010 qui
3358 1924 3593 1990 docent
3634 1949 3657 2009 ‚-
3714 1940 3939 2010 neque
3994 1924 4139 1989 sunt

1137 2024 1288 2101 ejus
1339 2027 1654 2115 genem,
1705 2043 1827 2110 ut,
1878 2024 1922 2089 fi
1979 2026 2225 2111 optime
2278 2042 2618 2109 tenerem,
2668 2025 2868 2110 digna
2920 2024 3117 2089 effent
3169 2021 3280 2088 ista
3341 2021 3689 2111 sapientia,
3736 2042 3823 2088 ac
3880 2024 4010 2089 tuis
4033 2044 4143 2093 au-

1139 2122 1359 2192 ribus.
1417 2128 1527 2191 An
1583 2141 1696 2208 tu,
1751 2124 1903 2207 (*)
1954 2125 2169 2211 inquit
2220 2120 2333 2187 ille
2372 2175 2393 2206 ,
2468 2122 2513 2189 st
2566 2122 2645 2188 de
2694 2124 2829 2189 istis
2899 2121 3363 2194 communibus
3436 2125 3505 2192 δι
3560 2126 3956 2212 pervagatis
4032 2126 4141 2190 vix

1137 2223 1296 2294 huic
1353 2225 1526 2292 aetati
1579 2224 1984 2291 audiendum
2039 2240 2267 2310 putas,
2315 2225 2601 2291 etiamne
2648 2223 2767 2291 illa
2822 2225 3165 2313 negligere
3214 2224 3543 2311 possumus
3581 2276 3599 2309 ,
3664 2246 3822 2313 quae
3874 2241 3950 2293 tu
4004 2244 4147 2293 ora-

1141 2330 1268 2393 tori
1325 2322 1780 2415 cognostenda
1830 2325 1951 2392 effe
2000 2322 2265 2407 dixisti,
2311 2323 2389 2389 de
2438 2327 2701 2389 naturis
2752 2324 3105 2391 hominum
3150 2376 3175 2409 ‚
3241 2324 3325 2391 de
3372 2322 3669 2393 moribus
3707 2377 3728 2408 ,
3810 2324 3899 2394 de
3956 2327 4149 2393 ratio-

1135 2424 1327 2492 nibus
1387 2426 1515 2510 iis,
1567 2424 1805 2514 quibus
1854 2424 2187 2490 himinum
2241 2438 2500 2487 mentes
2567 2426 2631 2490 δι
2696 2422 3124 2491 incitarentur
3167 2479 3187 2510 ‚
3257 2427 3325 2493 δε
3402 2426 3934 2511 reprimerentur
3975 2480 3997 2515 ‚
4064 2428 4146 2495 de

1135 2525 1407 2589 historia
1450 2574 1471 2606 ,
1542 2526 1623 2589 cle
1674 2523 2060 2608 antiquitate
2100 2574 2122 2607 ,
2186 2520 2271 2588 de
2320 2519 2881 2591 administratione
2930 2524 3301 2613 reipublicae
3343 2580 3364 2611 ,
3434 2524 3715 2616 denique
3784 2530 3873 2597 de
3924 2527 4159 2595 nostro·

1133 2620 1272 2707 ipso
1329 2620 1471 2697 jure
1519 2622 1772 2712 civiligi
1845 2624 2042 2687 Hanc
2094 2622 2283 2687 enim·
2345 2640 2473 2711 ego
2525 2643 2796 2691 omnem
2852 2624 3190 2694 scientiam
3231 2680 3252 2712 ‚
3322 2630 3394 2697 δι’
3451 2630 3709 2716 copiam
3786 2652 4021 2698 rerum
4078 2631 4149 2697 in

1135 2737 1249 2786 tua
1303 2719 1651 2806 prudentia
1707 2718 1986 2789 sciebam
2038 2722 2229 2789 inesse
2268 2747 2289 2787 ε
2358 2726 2429 2790 in
2480 2723 2758 2791 oratoris
2814 2744 2970 2791 vero
3018 2726 3454 2793 instrumento
3504 2745 3642 2795 tam
3715 2728 3987 2801 lauram
4042 2729 4153 2798 su-

1137 2820 1538 2909 pellectilem
1587 2841 1934 2910 nunquam
1989 2820 2322 2890 videram.

1240 2925 1439 2990 Potes
1494 2924 1694 3011 igitur
1737 2974 1756 3006 ‚
1827 2923 2040 3012 inquit
2091 2925 2349 2990 Craffus
2389 2977 2409 3011 ,
2482 2934 2631 3011 (ut
2702 2924 2829 2990 alia
2898 2924 3203 2991 omittam
3288 2923 3787 2991 innumerabilia
3868 2930 3941 2996 &
4022 2934 4157 2995 im-

1135 3020 1404 3106 mensa,
1459 3024 1527 3090 &
1581 3022 1662 3087 ad
1699 3020 1930 3109 ipsum
1981 3041 2176 3095 tuum
2252 3027 2354 3104 'rus
2407 3024 2607 3093 civile
2658 3028 2993 3108 veniam)
3066 3041 3364 3092 oratores
3422 3040 3651 3113 putare
3720 3046 3841 3093 eos
3882 3081 3905 3112 ‚
3976 3049 4151 3117 quos

1137 3123 1386 3190 multas
1437 3122 1634 3190 horas
1685 3122 2056 3219 expectavit
2095 3181 2117 3214 ‚
2165 3148 2325 3194 cum
2380 3130 2449 3196 in
2500 3146 2811 3216 campum
2866 3142 3289 3217 properaret,
3364 3128 3434 3196 &
3492 3125 3705 3193 ridens
3760 3128 3833 3196 &
3901 3127 4150 3200 stoma-

1138 3224 1342 3292 chans
1396 3224 1694 3293 Scaevola
1744 3237 1992 3318 (45),
2037 3249 2197 3296 cum
2255 3230 2568 3322 Hypseus
2622 3237 2763 3318 (46
2793 3244 2816 3318 )
2892 3229 3188 3296 maxima
3242 3247 3404 3297 voce
3439 3281 3470 3316 2
3532 3229 3843 3316 plurimis
3924 3229 4151 3298 verbis

3845 3349 3887 3397 a
3940 3335 4047 3398 M.

1145 3521 4110 3566 mm

3286 3579 4115 3602 —--.—-——.-..

1216 3693 1330 3758 (³¹)
1367 3698 1466 3772 Ανξ
1489 3696 1598 3755 tu)
1634 3693 1955 3762 lambinus,
1993 3699 2259 3754 Ain’tu?
2299 3698 2595 3769 quod&in

1143 3763 1284 3821 Psal.
1320 3760 1586 3833 sept1mo:
1641 3786 1763 3823 nam
1799 3769 2045 3833 octavus,
2086 3767 2251 3844 ,Quin
2290 3782 2358 3823 tu
2381 3806 2395 3821 .
2426 3777 2594 3830 Grut.

1223 3837 1387 3904 (45)
1427 3837 1701 3904 scevola)
1745 3842 1880 3897 Non
1922 3837 2018 3894 ille
2053 3837 2383 3913 QScaevola
2399 3857 2598 3906 augur,

1149 3903 1327 3965 Craffi
1366 3901 1554 3970 socer,
1595 3928 1703 3980 quo
1743 3908 2014 3980 pra-sente
2051 3908 2267 3966 Crafl'us
2299 3905 2399 3963 hic
2436 3907 2598 3964 diffe-

1153 3975 1228 4033 rit
1263 3998 1282 4039 ,-
1325 3973 1417 4034 sed
1455 3975 1597 4034 alter
1655 3983 1727 4053 Q.
1765 3980 2005 4038 Scaevola
2035 4022 2052 4046 ,
2103 3976 2393 4052 pontifex,
2432 3977 2596 4049 juris-

1152 4047 1428 4127 consultus
1443 4049 1838 4122 peritifl'imus,.
1868 4056 1923 4107 ὅ(
1965 4070 2105 4117 tum,
2143 4070 2268 4109 cum
2304 4050 2411 4108 hoc
2445 4049 2595 4118 judi-

1153 4139 1298 4181 cium
1333 4119 1728 4194 disceptaretur
1751 4165 1770 4189 ,
1823 4121 2068 4179 tribunus
2103 4141 2216 4180 erat
2254 4121 2459 4192 plebis,
2499 4140 2597 4180 an·

1155 4211 1231 4246 no
1269 4190 1475 4250 scilicet
1517 4193 1602 4254 U.
1638 4200 1712 4258 C.
1753 4195 2079 4252 DCXLIX.
2127 4193 2425 4265 Prusteus..

1191 4264 1384 4329 ‚0463
1421 4265 1656 4338 Hypseus
1693 4272 1722 4332 )
1777 4263 2009 4323 Causam
2063 4264 2335 4336 integram
2384 4261 2596 4335 accipe.

1158 4329 1272 4386 Ibat
1329 4333 1570 4412 &parole
1605 4333 1858 4408 pontifex
1920 4335 1984 4394 in
2035 4355 2283 4409 campum
2338 4337 2597 4394 Martium

1155 4400 1219 4456 ad
1275 4418 1492 4477 comma
1529 4427 1547 4468 ,-
1611 4411 1713 4462 iter
1755 4405 1838 4465 illi
1877 4427 1980 4480 per
2018 4407 2192 4468 forum
2229 4407 2381 4471 suits
2435 4409 2491 4465 in
2531 4427 2597 4464 eo

1157 4488 1367 4548 reperit
1419 4492 1683 4555 oratores·
1717 4479 1848 4536 duos
1905 4479 2052 4537 inter
2105 4479 2158 4536 se
2198 4481 2507 4551 litigantes,
2540 4483 2597 4536 ὅ(

1154 4559 1394 4612 gravtter
1452 4565 1799 4624 ignoratione
1849 4551 1982 4614 juris
2035 4551 2222 4608 civilis
2272 4569 2594 4623 peccantes.

1158 4617 1370 4695 Horum
1404 4631 1508 4672 unt
1541 4635 1740 4696 nornen
1785 4619 2040 4690 Hypseus
2078 4640 2232 4686 erat,
2282 4621 2437 4678 alteri
2478 4623 2593 4680 Cn.

1155 4687 1421 4746 Οᾶινιυς
1454 4727 1472 4752 ,
1529 4707 1620 4758 qui
1677 4687 2013 4747 consulatum
2070 4689 2291 4760 gess‘crat
2326 4713 2472 4749 anno
2509 4692 2594 4753 U.

1157 4759 1233 4816 C.
1269 4759 1602 4819 Dcxxvl.
1643 4759 1904 4838 Hypseus·
1934 4761 2203 4820 accusabar
2238 4763 2469 4835 aliquem
2507 4782 2596 4822 tu-

1159 4849 1374 4898 torem,
1423 4829 1572 4903 quod
1621 4831 1822 4903 pupilli
1875 4835 2115 4890 fortunas
2163 4837 2300 4894 male
2348 4834 2594 4894 admini-

1160 4899 1364 4961 ssrassct
1402 4942 1421 4960 .
1490 4905 1614 4962 Hoc
1667 4902 1944 4972 judaium
2015 4907 2201 4964 tutele
2260 4927 2289 4964 a
2328 4907 2595 4981 pellatur.

1156 4972 1422 5032 Ostavius
1473 4993 1716 5036 tutorem
1771 4973 2089 5034 defendebat
2129 5019 2146 5034 .
2198 4981 2271 5054 Ju
2314 5001 2379 5036 ex
2434 4975 2593 5048 huius

1163 5045 1554 5104 controversiae
1594 5049 1672 5106 Μ.
1699 5045 1945 5113 Crassus,
1985 5049 2074 5120 qui
2117 5069 2225 5106 tum
2264 5071 2467 5122 praerm·
2500 5071 2592 5106 ur-

1169 5110 1328 5172 banus
1367 5138 1512 5185 crat,
1553 5138 1750 5191 nempe
1787 5139 1930 5178 anno
1973 5120 2056 5180 U.
2091 5121 2164 5180 C.
2203 5121 2593 5188 DCXLVIH.

2692 3703 2807 3841 ffii
2842 3703 3048 3774 judicio
3087 3701 3272 3760 tutelae
3303 3681 3654 3761 damnabatur
3678 3745 3692 3762 .
3719 3702 4026 3771 cogebatur
4051 3723 4155 3778 pu..

2744 3774 2837 3848 'lo
2884 3814 2900 3835 ‚
2950 3779 3095 3840 cujus
3150 3773 3301 3830 rebus
3350 3777 3487 3832 male
3552 3771 3913 3834 conffluiss‘et
3958 3817 3979 3844 ,
4053 3797 4154 3848 pe-

2696 3861 2907 3898 cuniam
2946 3840 3159 3899 solvere
3190 3882 3206 3906 ,
3242 3862 3300 3899 ac
3340 3843 3599 3900 damnum
3638 3842 3945 3911 resarcires
3986 3848 4155 3906 dein-

2700 3912 2768 3966 de
2800 3911 2920 3980 lege
2962 3909 3247 3968 duodecim
3285 3913 3574 3970 tabularum
3611 3915 3900 3980 jubebatur
3938 3917 4157 3992 aliquid

2698 3981 2842 4036 ultra
2877 3981 3152 4051 pendere,
3190 3983 3401 4039 mulctae
3451 3985 3707 4042 nomine.
3746 3987 3923 4058 Quod
3966 3989 4009 4046 fi
4052 4011 4163 4064 pu·-
4260 4041 4267 4050 .

2698 4049 2899 4124 pillos,
2950 4069 3036 4107 aut
3082 4059 3203 4119 ejus
3229 4070 3491 4122 patronus
3526 4053 3647 4123 plus
3684 4071 3711 4106 a
3749 4071 3853 4108 reo
3894 4075 4167 4128 peteret,

2697 4141 2851 4196 quam
2902 4120 3183 4180 deberetur
3213 4165 3230 4189 ‚
3284 4122 3499 4182 cadebat
3532 4120 3717 4178 caufi.
3747 4123 3890 4178 Hoc
3930 4133 4171 4196 petebat

2699 4191 2955 4268 Hypseus
2996 4237 3013 4262 ‚
3058 4201 3113 4252 δ(
3153 4193 3269 4268 plus
3321 4193 3537 4266 petebat
3564 4236 3580 4260 ‚
3624 4211 3793 4265 quam
3848 4213 3954 4264 par
3993 4197 4175 4267 effer,

2698 4267 2934 4338 adeoque
2984 4265 3207 4324 debebat
3256 4264 3402 4325 causa
3451 4265 3669 4324 cadere.
3705 4265 4178 4341 Contendebat,

2700 4339 2883 4410 inquit
2934 4341 2995 4398 L.
3034 4336 3259 4399 Crassus
3284 4381 3300 4407 ‚
3348 4357 3407 4397 ut
3443 4339 3495 4397 ei
3527 4380 3544 4404 ,
3580 4355 3735 4410 quem
3782 4335 4169 4416 defendebat,

2701 4429 2902 4482 nempe
2939 4408 3032 4468 suo
3070 4411 3318 4484 pupillo,
3354 4409 3499 4469 causa
3534 4409 3719 4466 cadere
3756 4409 4013 4472 liceret=
4055 4417 4169 4476 hoc

2698 4480 2816 4548 est,
2862 4483 3110 4552 petebat,
3162 4502 3221 4538 ut
3272 4481 3451 4554 edicto
3499 4480 3752 4555 praetoris
3816 4485 4165 4548 tribueretur

2738 4551 2915 4626 upilio
2952 4551 3046 4610 suo
3086 4557 3255 4620 major
3286 4553 3531 4626 pecunia:
3564 4549 3763 4610 summa
3786 4593 3805 4617 ,
3848 4576 4021 4628 quam
4060 4561 4157 4620 de-

2766 4643 2913 4680 retur
2944 4643 2967 4688 ,·
3016 4623 3161 4696 quod
3212 4643 3325 4682 erat
3380 4625 3523 4683 velle
3586 4621 3791 4683 causam
3858 4630 4157 4692 amittere.

2698 4695 2999 4760 ORavius,
3038 4694 3233 4752 tutoris
3266 4695 3487 4756 accusati
3525 4693 3781 4754 defensor
3816 4695 4159 4775 imperitus,

2696 4786 2817 4826 curn
2869 4766 3087 4824 deberet
3152 4764 3259 4830 hoc
3314 4766 3434 4841 ipso
3500 4767 3866 4828 vehementer
3924 4776 4106 4834 laetari
4144 4815 4161 4841 ,

2696 4836 2843 4968 guod
2878 4837 3026 4916 plus,
3054 4857 3211 4910 quam
3247 4835 3319 4897 fas
3354 4857 3501 4906 erat,
3578 4859 3871 4908 etei-eturs
3917 4845 3977 4904 id
4008 4847 4163 4906 enim

2774 4905 3055 4976 objecisset
3090 4909 3307 4981 postea,
3343 4917 3396 4968 δι
3434 4932 3538 4985 pro
3605 4911 3707 4969 sset
3740 4953 3759 4978 ,
3799 4915 4018 4976 causam
4056 4919 4157 4976 ob·-

2696 4977 2988 5046 tiiiuil‘set,
3040 5001 3097 5038 ac
3136 5002 3283 5040 reum
3322 5000 3557 5042 tutorem
3608 4985 3758 5056 turpi
3798 4989 4029 5058 judicio
4068 5009 4159 5047 tu-

2698 5054 2819 5111 tela:
2856 5052 2991 5131 male
3026 5052 3439 5122 administrarat,
3473 5075 3628 5128 atque
3661 5059 3822 5115 omni
3866 5060 4155 5127 molestia,

2692 5129 2749 5182 δι
2808 5125 3057 5201 periculo
3106 5123 3428 5208 liberasset:
3486 5127 3759 5192 Ostavius
3798 5170 3819 5197 ,
3884 5133 4117 5204 inquam
4150 5173 4169 5203 a

3944 5206 4089 5269 lon«
4129 5242 4157 5276 ·.
