4359 6321
1008 439 2383 538 ORATORIB'US.
2884 452 3069 577 285

212 553 532 629 iratorum
582 552 838 623 civium
878 604 903 640 ,
954 552 1104 625 boni
1154 556 1323 627 civis
1369 558 1727 629 austeritas
1784 562 1855 631 δε
1910 566 2129 631 oratio·
2155 590 2177 652 5
2246 581 2394 633 tum
2445 564 2754 657 profesto-
2791 566 2928 639 fuit
2961 626 2980 657 ‚
3031 596 3190 647 cum

206 657 648 751 patrocinium
698 655 879 744 pacis
922 658 1282 733 exclusum
1332 658 1423 729 est
1476 678 1593 731 aut
1637 677 1859 731 errore
1908 662 2266 733 hominurn
2301 720 2323 753 ,
2400 685 2512 737 aut
2562 671 2804 739 timore
2835 718 2856 737 .
2911 676 3014 739 lta
3071 694 3214 745 nod

206 759 590 849 bismetipfis
639 758 913 844 accidit,
964 778 1085 846 ut,
1135 782 1519 854 quanquam
1568 767 1771 835 effen't
1824 765 2041 833 multo
2096 768 2316 854 magis
2361 769 2490 841 alia
2543 774 2838 861 lugenda
2871 812 2897 859 ς
2967 794 3195 845 tamen

202 864 325 933 hoc
372 864 756 933 doleremus
790 912 815 945 ,
863 862 1041 952 quod
1080 914 1106 947 ,
1150 866 1289 955 'quo
1336 886 1627 955 tempore
1674 882 1833 935 aetas
1883 866 2103 935 nostra
2154 869 2496 954 perfunsta
2549 872 2740 943 rebus
2787 876 3196 963 ampliffimis

201 983 533 1057 tanquam
582 964 655 1031 in'
704 980 973 1053 portum
1024 966 1393 1054 confugere
1450 968 1713 1037 deberet
1750 996 1779 1057 ,-
1846 990 1979 1035 non
2032 969 2281 1037 inertiae
2319 1022 2340 1054 ,
2416 993 2629 1061 neque
2701 976 2952 1051 defidiae
2989 1030 3012 1065 ‚
3081 979 3194 1049 sed

200 1069 311 1137 otii
362 1066 693 1138 moderati
742 1084 943 1157 atque
990 1064 1239 1135 honesti
1266 1091 1289 1133 a
1335 1089 1625 1161 cumque
1673 1068 1813 1159 ipsu.
1863 1071 2075 1139 oratio
2126 1070 2266 1147 iam
2319 1069 2536 1139 nostra
2571 1074 2960 1149 canesceret
2999 1131 3021 1166 ‚
3071 1086 3195 1151 ha..

200 1170 507 1262 beretque
563 1170 749 1239 suam
806 1169 1149 1258 quandam
1199 1170 1696 1257 maturitatem,
1748 1174 1819 1241 &
1874 1170 2051 1261 quast
2102 1169 2740 1259 seneautem;‚tum
2793 1197 2980 1243 arma
3033 1179 3192 1251 sunt

200 1292 275 1341 ea
322 1273 593 1361 sumpta
630 1326 651 1360 ,
700 1270 939 1363 quibus
984 1268 1093 1337 illi
1137 1270 1259 1358 ipli
1293 1323 1318 1358 ‚
1366 1274 1481 1362 qui
1535 1271 1901 1339 didicerant
1948 1274 2051 1341 eis
2096 1272 2198 1340 uti
2247 1272 2586 1361 gloriose,
2631 1276 3196 1365 quemadmodum

204 1372 573 1441 salutariter
624 1389 971 1441 uterentur
1014 1423 1037 1457 ‚
1105 1370 1243 1442 nou
1294 1370 1703 1463 reperiebant
1740 1422 1761 1441 .
1829 1378 2061 1466 ltaque
2136 1376 2181 1441 ii
2249 1374 2420 1443 mihi
2491 1376 2794 1446 videntur
2847 1376 3196 1451 fortunate

200 1473 513 1565 beateque
564 1476 793 1541 vixiffe
828 1526 849 1561 ,
916 1494 1078 1541 cum
1126 1474 1196 1543 in
1244 1478 1499 1544 caeteris
1547 1475 1923 1544 civitatibus
1959 1528 1981 1563 ,
2030 1492 2182 1544 tum
2229 1474 2524 1540 maxime
2575 1476 2648 1544 iu
2699 1476 2922 1547 nostra
2951 1528 2974 1563 ‚
3042 1483 3192 1571 qui.

196 1574 323 1644 bus
372 1596 561 1659 cum„
584 1576 1015 1663 auctoritate,
1060 1596 1417 1667 rerumque
1468 1576 1801 1668 gestarum
1850 1578 2065 1667 gloria
2088 1630 2113 1663 ,
2158 1591 2306 1643 tum
2359 1574 2570 1646 etiam
2621 1572 2944 1665 sapientiae
2997 1582 3198 1651 laude

188 1677 452 1767 perfrui
504 1678 695 1746 licuit
732 1726 751 1744 .
826 1683 1134 1762 Quorum
1184 1681 1507 1748 memoria
1560 1681 1633 1748 δε
1686 1679 2061 1749 recordatio
2108 1679 2185 1746 in
2231 1677 2546 1745 maximis
2595 1674 2835 1751 nostris
2900 1680 3198 1767 graviffi-

156 1778 678 1869 ·misque·-curis
733 1778 1019 1858 iucunda
1096 1776 1249 1847 sane
1299 1780 1427 1849 fuit
1464 1831 1492 1867 ,
1553 1801 1717 1849 cum
1788 1782 1861 1852 in
1908 1800 2066 1849 eam
2112 1800 2322 1869 nuper
2389 1798 2477 1845 ex
2529 1776 2828 1847 sermone
2896 1783 3194 1869 quodam

187 1880 641 1949 incidifl‘emus
660 1928 685 1947 .

292 1982 428 2046 ΠΕ
502 1986 681 2049 Nam
752 2000 915 2053 cum
962 1981 1447 2055 inambularem
1498 1982 1565 2050 in
1616 1982 1814 2071 xysto
1846 2036 1875 2070 ,
1934 1984 2009 2054 &
2080 1985 2280 2053 effem
2327 1976 2586 2051 otiosus
2631 1979 2824 2050 domi
2859 2031 2882 2068 ‚
2953 1982 3060 2052 M.
3105 1982 3188 2049 ad

111 2116 125 2127 =
191 2100 301 2149 me
352 2084 602 2151 Brutus
642 2131 663 2169 ,
716 2098 787 2150 ut
838 2083 1262 2152 consueverat
1302 2138 1324 2172 ‚
1376 2106 1537 2155 cum
1588 2090 1672 2155 T.
1698 2086 2065 2176 Pomponio
2124 2098 2396 2153 venerat
2445 2134 2468 2169 ‚
2518 2082 2822 2151 homines
2873 2103 3034 2151 cum
3089 2082 3190 2149 in·

188 2200 293 2249 ter
346 2182 415 2251 se
464 2183 802 2263 coniuncti
842 2234 890 2270 ,-
932 2202 1084 2254 tum
1131 2188 1299 2255 mihi
1346 2185 1437 2253 ita
1488 2189 1623 2273 cari
1664 2239 1692 2275 ‚⁸
1751 2188 1977 2277 itaque
2028 2187 2306 2265 jucundi
2339 2239 2363 2272 ,
2433 2200 2508 2252 ut
2577 2203 2818 2253 eorum
2874 2182 3195 2273 adspestu

188 2286 459 2370 omnis,
502 2308 647 2374 qua:
700 2306 811 2352 me
861 2289 1143 2378 angebat
1194 2290 1279 2357 de
1331 2287 1661 2377 republica
1692 2342 1713 2377 ,
1766 2310 1931 2357 cura
1980 2287 2388 2357 consederit.
2439 2290 2631 2371 Qos
2687 2282 3034 2374 postquam
3083 2280 3190 2351 sa-

188 2382 405 2453 lutavi
444 2438 469 2472 ,
518 2384 701 2475 Qid
750 2408 871 2457 vos
909 2441 931 2477 -‚
980 2390 1259 2479 inquam
1289 2444 1315 2480 ‚
1366 2395 1574 2459 Brute
1624 2394 1702 2463 δι
1759 2390 1993 2459 Attice·
2024 2442 2050 2476 ,
2099 2389 2286 2459 nuiic
2324 2389 2362 2451 ἓ
2413 2388 2576 2477 quid
2627 2384 2894 2456 taudem
2947 2384 3108 2453 novi
3147 2386 3189 2447 ,ἓ

183 2484 371 2554 Nihil
428 2486 623 2574 sane,
670 2488 891 2581 inquit
938 2494 1179 2563 Brutus
1217 2544 1240 2580 ‚
1292 2492 1477 2584 quod
1520 2492 1801 2585 quidem
1846 2508 1961 2559 aut
2010 2506 2089 2563 tu
2136 2491 2370 2560 audire
2421 2486 2592 2557 velis
2633 2537 2659 2573 ,
2708 2500 2822 2551 aut
2874 2506 3006 2575 ego
3057 2506 3184 2573 pro

178 2602 364 2655 certo
412 2590 633 2659 dicere
680 2590 1003 2661 audeam.
1726 2616 1735 2625 ⁴
2388 2603 2395 2611 '
2570 2669 2579 2678 ⁶
3063 2618 3074 2627 ·

286 2692 479 2759 Tum
525 2684 788 2760 Atticus
822 2742 845 2779 ‚
897 2698 991 2761 Eo
1032 2746 1051 2777 ‚
1102 2697 1317 2786 inquit
1355 2749 1385 2782 ,
1426 2698 1507 2763 ad
1558 2710 1627 2763 te
1674 2698 1906 2765 animo
1950 2696 2330 2781 venimus,
2369 2704 2444 2761 ut
2497 2690 2590 2757 de·
2633 2686 2968 2776 republica
3019 2689 3184 2759 effer.

176 2786 519 2859 silentium
557 2843 578 2878 ,
650 2795 722 2860 δε
794 2794 1047 2883 aliquid
1102 2796 1490 2865 audiremus
1558 2798 1781 2885 potius
1844 2810 1933 2863 ex
1988 2810 2053 2862 te
2093 2848 2115 2883 ,
2187 2813 2396 2887 quam
2445 2808 2510 2859 te
2562 2789 2982 2859 afficeremus·
3027 2792 3182 2858 ulla

176 2890 477 2959 molestia
514 2936 537 2965 0
598 2893 738 2961 Vos
787 2914 945 2962 vero
979 2948 1006 2982 ‚
1048 2895 1321 2988 inquam
1354 2950 1380 2983 ,
1435 2899 1659 2966 Attice
1693 2950 1720 2984 ‚
1766 2900 1836 2967 &
1898 2896 2294 2985 praelentem
2343 2915 2456 2963 me
2506 2912 2670 2990 epra
2723 2891 2962 2961 levatis
3008 2942 3032 2977 ‚
3101 2893 3178 2960 δε

176 2988 429 3060 absenti
482 3010 730 3081 magna
784 2995 1013 3064 solatia
1064 2997 1325 3067 dedistis
1364 3022 1389 3060 .·
1465 3020 1627 3069 nam
1682 2999 2268 3085 vestris-primum
2327 2996 2542 3065 literis
2606 3010 2937 3063 recreatus
2974 3045 2997 3080 ‚
3069 3010 3182 3061 me

176 3094 261 3157 ad
318 3094 587 3180 pristina
633 3093 843 3159 studia
874 3101 1232 3164 revocavi.
1284 3104 1471 3170 Tum
1522 3101 1694 3185 ille,
1737 3100 1957 3188 Legi,
2002 3102 2214 3190 inquit
2261 3152 2288 3185 ,A
2331 3094 2744 3186 perlubenter
2797 3092 3188 3184 epistolam,

177 3211 392 3277 quam
460 3191 541 3258 ad
590 3209 657 3258 te
707 3195 954 3260 Brutus
1000 3194 1173 3260 mistt
1242 3214 1329 3260 ex
1381 3198 1537 3262 Asia
1586 3247 1609 3281 ‚
1676 3217 1809 3284 qua
1860 3199 2043 3263 mihi.
2078 3199 2268 3265 visus
2309 3199 2400 3264 est
2451 3200 2522 3264 δε
2579 3215 2850 3265 monere
2905 3209 2970 3260 te
3023 3215 3181 3280 pru-

178 3287 411 3358 denter
460 3295 533 3362 &
592 3291 920 3362 consolari
970 3292 1351 3361 amiciffime
1388 3341 1407 3362 .
1482 3295 1689 3364 Reste
1726 3347 1757 3381 ,
1796 3297 2077 3384 inquam
2126 3347 2151 3380 ,
2219 3295 2312 3360 est
2363 3293 2550 3359 visus
2581 3338 2606 3357 .
2653 3295 2836 3358 Nam
2887 3310 2996 3356 me
3047 3289 3188 3356 istis

179 3387 356 3458 scito<
410 3393 659 3478 literiS,
708 3415 793 3463 ex
846 3395 1161 3464 diuturna
1216 3393 1695 3484 perturbatione
1744 3397 1959 3462 totius
2008 3393 2781 3481 valetudInis·‚tanquam
2833 3387 2918 3454 ad
2973 3387 3188 3474 adspi-

174 3493 483 3564 ciendam
536 3498 763 3565 lucem
812 3497 937 3565 esse
983 3515 1379 3566 revocatum
1418 3544 1441 3562 .
1514 3501 1739 3587 Atque
1788 3513 1861 3564 ut
1914 3495 2057 3584 post
2102 3491 2522 3564 Cannensem
2591 3492 2785 3559 illam
2833 3488 3182 3556 calamita-

176 3611 321 3661 tem
376 3600 671 3686 primum
724 3599 1038 3696 Marcelli
1094 3597 1175 3664 ad
1225 3599 1473 3665 Nolam
1528 3599 1792 3689 praeli0‚
1848 3599 2133 3688 populus
2183 3596 2248 3664 se
2301 3584 2910 3678 Romanus'erexit
2962 3641 2983 3674 ‚
3053 3607 3174 3676 po-

174 3694 455 3786 steaque
504 3698 831 3786 prosperae
878 3719 989 3766 res
1032 3698 1335 3790 deinceps
1388 3702 1617 3768 multa:
1670 3700 2032 3768 consecutae
2074 3697 2274 3766 suntt.
2322 3697 2406 3765 fic
2465 3695 2604 3785 post
2650 3713 2878 3761 rerum
2908 3687 3179 3768 ‚nostra-

172 3815 332 3862 rum
408 3803 481 3870 δε
552 3801 1017 3870 communium
1070 3801 1503 3889 gravissimos
1568 3801 1759 3869 casus
1800 3853 1821 3889 ,
1890 3799 2063 3867 nihil
2130 3815 2286 3866 ante
2357 3796 2690 3888 epistolam
2743 3792 2934 3860 Bruti
3009 3788 3180 3856 mihi

170 3897 414 3966 accidit
452 3955 479 3989 ,
550 3899 730 3994 quod
778 3901 1027 3970 vellem
1068 3953 1095 3990 ‚
1156 3917 1271 3971 aut
1343 3901 1527 3990 quod
1594 3902 1815 3993 aliqua
1888 3921 1975 3968 ex
2046 3919 2224 3990 parte
2297 3897 2774 3968 sollicitudines
2839 3892 3176 3960 allevaret

168 4015 388 4067 meas.

268 4105 467 4171 Tum
520 4106 769 4174 Brutus
814 4157 843 4190 ,.
904 4102 1110 4173 Volui
1180 4101 1251 4171 id
1298 4105 1565 4192 quidem
1615 4104 1870 4174 efficere
1922 4121 2103 4174 certe
2152 4155 2177 4190 ,
2243 4107 2318 4173 &
2392 4101 2580 4188 capio
2647 4114 2983 4185 magnum.
3033 4092 3178 4162 fru-

169 4201 349 4273 stum
395 4261 417 4296 ‚
480 4207 527 4275 fi
578 4209 850 4302 quidem
888 4259 909 4292 ‚
960 4205 1137 4295 quod
1189 4205 1379 4272 volui·
1416 4259 1437 4291 ,
1485 4223 1673 4272 tanta
1724 4208 1792 4273 in
1849 4228 1919 4273 re
1970 4207 2364 4274 consecutus
2421 4203 2611 4268 sum,
2655 4198 2782 4266 Sed
2839 4195 2998 4262 scire
3054 4216 3178 4262 cu·

164 4307 272 4393 pio
312 4363 334 4396 ‚
402 4329 563 4400 quae
605 4323 683 4377 te
732 4308 943 4377 Attici
1003 4307 1205 4376 literae
1254 4304 1735 4375 dele-staverint
1774 4303 1829 4372 .’
1869 4307 2007 4393 Istae
2064 4327 2230 4372 vero
2260 4356 2282 4389 ,
2331 4305 2608 4392 inquam
2637 4351 2661 4388 ,
2707 4302 2912 4364 Brute
2963 4345 2987 4382 ,
3041 4313 3178 4360 non

166 4411 371 4478 modo
412 4410 937 4482 deleRationem
988 4409 1153 4478 mihi
1200 4456 1223 4495 ,
1280 4403 1389 4475 st'd
1442 4409 1649 4476 etiam
1686 4457 1711 4495 ,
1774 4423 1852 4472 ut
1908 4407 2090 4495 spero
2126 4457 2148 4486 ‚
2201 4404 2476 4470 salutem
2528 4399 2930 4469 attulerunt.
2985 4395 3178 4466 Salu-

166 4515 369 4580 tem?
462 4514 672 4604 inquit
724 4513 841 4584 ille
882 4563 907 4582 ..
964 4511 1334 4596 Qudnam
1388 4509 1663 4578 tandem
1711 4527 1921 4600 genus
1970 4505 2133 4575 istuc
2189 4524 2336 4574 tam
2387 4503 2776 4593 praeclarum
2826 4501 3176 4568 literarum

168 4611 355 4679 fuit?
408 4615 535 4682 An
586 4616 751 4682 mihi
803 4617 1065 4704 potuit,
1116 4615 1391 4704 inquam
1413 4663 1439 4697 ‚.
1485 4611 1611 4680 else
1668 4628 1781 4680 aut
1833 4609 2101 4701 gratior·
2134 4605 2694 4692 ullasalutatio,
2742 4616 2856 4672 aut
2911 4597 2990 4668 ad
3040 4597 3170 4711 hof:

170 4730 440 4802 tempus
492 4715 753 4803 aptior,
800 4739 1005 4806 quam
1056 4716 1240 4785 illius
1290 4713 1484 4799 libri,
1534 4735 1673 4804 quo
1720 4733 1830 4780 me
1879 4713 1987 4780 hic
2038 4711 2272 4778 affatus
2307 4763 2332 4798 ‚
2383 4707 2566 4801 quast
2617 4709 2948 4787 iacet-,tem
2995 4717 3174 4764 exct-

176 4818 403 4880 tavit?
460 4817 653 4882 Tum
676 4817 845 4902 ille,
894 4821 1153 4908 Nempe
1202 4837 1364 4888 eum
1414 4817 1627 4903 dicit,
1674 4815 1927 4906 inquit,
1978 4835 2113 4904 quo
2160 4811 2276 4881 ille
2325 4831 2598 4880 omnem
2647 4825 2871 4875 rerum
2923 4815 3176 4868 memo-

177 4917 355 4986 riam
408 4915 733 5008 breviter,
790 4921 860 4989 &
890 4971 911 5005 ,
960 4936 1035 4990 ut
1086 4919 1250 4988 mihi
1302 4918 1571 5010 quidem
1626 4917 1841 4985 visum
1894 4912 2024 5000 est,
2073 4913 2538 5005 perdiligenter
2587 4905 2974 4995 complexus
3021 4893 3174 4966 est?

180 5017 393 5090 Istum
450 5015 713 5110 ipsum,
764 5023 1039 5112 inquam
1070 5075 1093 5111 ‚
1142 5023 1389 5110 Brute,
1443 5020 1591 5088 dico
1642 5017 1885 5087 librum
1935 5014 2346 5084 mihi.saluti
2399 5011 2620 5085 fuiffe.
2716 5107 2817 5174 IV
2881 5104 3070 5171 Tum
