4359 6321
1248 486 1440 581 ⁴250
1974 458 3291 562 DEoRAsroRE

1130 606 1271 675 strae
1324 588 1790 693 pomeridianae'
1854 588 2145 663 sessionis
2186 638 2201 654 .
2261 592 2414 656 Non
2466 586 2646 652 enim
2703 581 2916 649 lblum
2969 577 3256 645 acuenda
3314 572 3542 659 nobis,
3599 592 3812 667 neque
3864 592 4115 668 procu-

1130 704 1343 781 denda
1396 702 1629 786 lingua
1679 691 1808 778 est3
1870 695 1977 765 led
2026 688 2480 772 onerandum,
2531 684 3139 772 complendumque
3193 677 3416 767 peetus
3491 678 3949 751 maximarum
4003 708 4116 757 re-

1134 826 1289 876 rum
1352 806 1421 876 &
1479 797 1923 887 plurimarum
1982 793 2338 877 suavitate,
2385 810 2612 877 copa,
2667 787 3015 853 varietate.

1233 905 1487 977 XXXI.
1540 897 1780 967 Nostra
1830 899 1925 968 est
1971 898 2150 965 enim
2209 893 2306 977 (fi
2359 889 2558 963 modo
2613 908 2734 955 nos
2787 904 3084 952 oratores
3130 882 3360 949 sumus
3397 934 3416 968 ‚
3471 883 3518 949 fi
3571 884 3638 950 in
3691 884 3956 955 civium
4007 888 4116 957 di·

1135 1000 1637 1095 sceptationibus
1683 1054 1705 1087 ,
1774 1002 1819 1068 fi
1874 1002 1939 1068 in
1998 995 2342 1086 periculis,
2397 991 2444 1058 fi
2497 992 2564 1055 in
2630 985 3200 1055 deliberationibus
3251 983 3527 1071 puolicis
3595 985 3942 1055 adhibendi
3995 1010 4118 1058 au·-

1136 1108 1349 1179 &ores
1404 1107 1473 1175 &
1538 1104 1854 1190 principes
1910 1099 2137 1168 sumus
2185 1108 2210 1184 )
2264 1092 2478 1160 nostra
2529 1088 2620 1155 est
2653 1141 2674 1175 ‚
2728 1091 3046 1178 inquam,
3095 1089 3313 1153 omnis
3367 1086 3474 1153 ista
3533 1092 3889 1175 prudentia·
3921 1143 3942 1176 ‚
3987 1092 4114 1161 do-

1138 1210 1494 1295 &rinaeque
1544 1204 1880 1291 possessio,
1938 1202 2006 1267 in
2058 1218 2262 1288 quam
2299 1193 2642 1273 homineS,
2693 1190 2877 1278 quali
2925 1189 3245 1257 caducam
3283 1204 3475 1277 atque
3529 1208 3852 1275 vacuam,
3906 1192 4127 1263 abun-

1134 1310 1363 1375 dantes
1412 1307 1593 1388 otio‚
1648 1302 1833 1370 nobis
1890 1299 2268 1386 occupatiS,
2319 1293 2824 1376 involaverunt3
2883 1305 3072 1379 atque
3121 1289 3321 1356 etiam
3382 1307 3496 1355 vaut
3568 1290 3919 1359 irridentes
3969 1316 4114 1364 ora..

1138 1428 1391 1491 torem,
1445 1422 1517 1471 ut
1568 1404 1683 1471 ille
1736 1406 1805 1470 in
1858 1404 2109 1487 Gorgia
2164 1402 2461 1464 Socrates
2496 1444 2518 1477 ‚
2569 1393 2974 1461 cavillantur
3011 1443 3033 1478 ‚
3085 1406 3198 1459 aut
3249 1390 3493 1478 aliquid
3545 1393 3625 1459 de
3677 1396 3956 1463 oratoris
4009 1418 4118 1465 ar-

1139 1528 1203 1579 te
1258 1509 1481 1597 paucis
1563 1505 1941 1592 praecipiunt
1994 1496 2233 1564 libellis
2273 1549 2294 1582 ‚
2361 1493 2598 1583 eosque
2649 1492 2989 1560 rhetoricos
3068 1488 3434 1560 inscribunt
3471 1518 3490 1557 ε
3565 1492 3745 1582 quali
3797 1518 3936 1563 nou
3995 1499 4119 1566 illa

1138 1612 1261 1679 sint
1319 1606 1573 1695 propria
1626 1603 1962 1674 rhetorum
2002 1650 2022 1685 ,
2074 1620 2222 1686 quae
2273 1594 2366 1663 ab.
2405 1596 2638 1663 iisdem
2687 1595 2766 1663 de
2844 1593 3124 1679 iustitia,
3173 1595 3255 1659 de
3303 1592 3557 1680 officio,
3608 1594 3686 1661 de
3737 1596 4120 1667 civitatibus

1138 1704 1546 1779 instituendis
1605 1705 1675 1771 &
1734 1700 2084 1791 regendis,
2134 1700 2214 1766 de
2265 1699 2448 1765 omni
2507 1696 2816 1781 vivendi,
2861 1697 3140 1783 denique
3191 1696 3394 1761 etiam
3447 1696 3528 1762 de
3599 1712 3846 1767 naturae
3922 1704 4116 1769 ratio-

1138 1832 1226 1878 ne
1276 1808 1629 1876 dicuntur.
1680 1808 1845 1887 Qae
1900 1802 2220 1893 quoniam
2271 1804 2409 1880 'iam
2460 1799 2730 1870 aliunde
2781 1792 2912 1863 non
2949 1798 3339 1885 possumus,
3396 1795 3722 1865 sumenda
3792 1798 3942 1869 sunt
3997 1826 4123 1871 no-

1138 1909 1233 1981 bis
1291 1908 1369 1977 ab
1422 1908 1502 1973 iis
1554 1906 1699 1994 ipsis
1737 1958 1757 1991 ,
1809 1924 1847 1971 a
1900 1905 2140 1995 quibus
2209 1901 2476 1990 expilati
2533 1901 2762 1968 sumus
2805 1951 2828 1987 ‚
2873 1896 3250 1965 dummodo
3303 1898 3421 1965 illa
3491 1900 3572 1965 ad
3623 1900 3795 1968 hanc
3845 1903 4126 1970 civilem·

1142 2011 1484 2079 scientiam
1526 2058 1546 2091 ,
1618 2028 1753 2095 qno
1803 2009 2124 2093 pertinent
2166 2056 2190 2090 ,
2267 2007 2335 2074 &
2391 2024 2594 2091 quam
2667 2004 3014 2068 intuentur·
3047 2052 3066 2085 ,
3136 1998 3677 2068 transferamus:
3727 2022 3940 2091 neque
3993 2014 4116 2089 (ut

1146 2129 1297 2179 ante
1348 2108 1538 2195 dix-i)
1590 2128 1863 2173 omnem
1914 2124 2212 2174 teramus
2270 2106 2338 2171 in
2394 2104 2497 2170 his
2545 2102 2865 2170 discendis
2921 2099 3107 2167 rebus
3157 2116 3416 2167 aetatem
3455 2154 3482 2187 ,
3531 2102 3636 2168 sed
3683 2122 3839 2171 cum
3895 2105 4122 2173 fontes

1140 2211 1501 2280 viderimus
1550 2262 1570 2293 ‚
1640 2230 1805 2298 quos
1856 2208 1977 2274 nifi
2031 2210 2141 2296 qui
2217 2205 2514 2272 celeriter
2565 2204 2864 2292 cognorit-
2905 2256 2924 2288 ,
2977 2222 3334 2290 nunquam·
3377 2202 3714 2291 cognoscet
3765 2206 4050 2273 omnino·
4089 2260 4116 2291 ‚

1140 2330 1285 2385 tum
1322 2365 1341 2395 ‚
1410 2309 1947 2397 quotiescumque
1997 2328 2159 2395 opus
2212 2308 2382 2390 erit,
2431 2327 2512 2371 ex
2569 2306 2656 2371 iis.
2695 2321 2996 2387 tantum,
3065 2322 3387 2393 quantum
3438 2326 3544 2371 res
3587 2319 3791 2391 petet,
3839 2306 4126 2373 haurie-

1140 2433 1330 2481 mus.
1390 2415 1571 2480 Nam
1618 2432 1829 2497 neque
1879 2426 2023 2475 tam
2073 2408 2165 2475 est
2218 2408 2390 2473 acris
2444 2407 2615 2472 acies
2671 2406 2737 2471 in
2794 2406 3044 2470 naturis
3115 2406 3457 2471 hominum
3513 2407 3580 2473 &
3655 2407 3989 2493 ingeniis,
4039 2424 4128 2473 ut‘

1145 2535 1249 2583 res
1304 2528 1530 2577 tantas
1582 2511 1976 2598 quisquam,
2028 2510 2145 2574 nili
2205 2508 2636 2593 itrcnstratas,
2688 2506 2870 2593 poffit
2925 2508 3181 2573 videre:
3255 2526 3462 2596 neque
3510 2522 3700 2573 tanta
3768 2522 3997 2571 tamen
4053 2509 4130 2573 in

1148 2613 1345 2683 rebus
1398 2607 1805 2697 obscuritaS,
1862 2626 1936 2677 ut
1984 2630 2103 2677 eas
2144 2632 2279 2677 non
2334 2610 2594 2699 penitus
2645 2610 2780 2675 acri
2837 2607 2934 2675 vir
3005 2606 3275 2698 ingenio
3321 2621 3544 2676 cernat
3585 2658 3608 2693 ‚
3661 2606 3718 2677 fi.
3759 2606 3964 2677 modo
4013 2608 4124 2675 ad-

1151 2714 1488 2804 spexerit.
4112 2759 4121 2767 -

1260 2819 1341 2879 Iu
1399 2814 1521 2881 hoc
1579 2816 1781 2903 igitur
1836 2830 2028 2881 tanto
2076 2828 2343 2903 tamque
2399 2812 2728 2881 immenso
2784 2835 3063 2902 campO,
3111 2836 3268 2885 cum
3323 2814 3519 2882 liceat
3571 2814 3821 2881 oratori
3891 2813 4126 2903 vagari

1153 2914 1357 2988 libere
1400 2966 1420 2999 ,
1491 2933 1685 3005 atque
1726 2968 1747 3000 ,
1826 2915 2228 3003 ubicumque
2281 2916 2638 2983 constiterit
2681 2967 2700 2999 ‚
2769 2918 3110 2983 consistere
3168 2918 3232 2983 iu
3287 2914 3402 2982 suo
3445 2968 3462 3000 ,
3517 2914 3711 2983 facile
3768 2914 4126 3004 suppeditat

1157 3019 1379 3093 omnis
1427 3035 1822 3103 apparatus,
1872 3016 2277 3103 ornatusque
2331 3018 2631 3089 dicendi.
2690 3022 2952 3085 Rerum
2995 3019 3173 3084 enim
3225 3018 3412 3105 copia
3469 3018 3835 3086 ver-borum
3873 3015 4130 3102 copiam

1158 3117 1422 3214 gignit:
1482 3120 1551 3186 ὃ(
1586 3171 1607 3204 ,
1660 3118 1708 3184 fi
1760 3115 1850 3184 est
1900 3116 2219 3184 honestas
2255 3118 2322 3184 in
2379 3115 2568 3185 rebus
2624 3116 2820 3204 ipsis,
2867 3120 2949 3187 de
2997 3117 3234 3208 quibus
3283 3118 3568 3202 dicitur,
3617 3116 3864 3184 exsistit
3919 3136 3998 3183 ex
4038 3119 4127 3186 rei

1158 3235 1399 3294 natura
1454 3221 1727 3307 quidam
1787 3220 2092 3305 splendor
2148 3220 2216 3287 in
2273 3217 2522 3286 verbis.
2575 3218 2668 3283 Sit
2718 3222 2919 3288 modo
2969 3222 3065 3305 is,
3115 3222 3228 3308 qui
3281 3218 3493 3303 dicet,
3545 3239 3660 3286 aut
3719 3217 3987 3307 scribet,
4037 3221 4132 3286 in-

1160 3320 1423 3396 stitutus
1496 3319 1855 3387 liberaliter.-
1930 3321 2322 3387 educatione
2371 3321 2808 3408 doc-trinaque-
2873 3323 3166 3410 puerili,
3249 3323 3319 3390 &
3385 3317 3622 3408 flagret
3671 3320 3910 3406 studio,
3967 3325 4037 3392 δι
4093 3341 4132 3386 a

1162 3438 1407 3492 natura
1453 3423 1848 3508 adiuvetur,
1902 3423 1971 3492 ὃ(
2034 3423 2101 3486 in
2144 3421 2614 3489 universorum
2655 3443 2974 3508 generum
3014 3422 3293 3489 infinitis
3331 3418 3887 3509 disceptationibus
3937 3443 4138 3489 exer·

1164 3524 1451 3606 citatus,
1502 3523 1942 3592 ornatiffimos
1998 3521 2340 3610 scriptores
2389 3522 2821 3610 oratoresque
2875 3523 2960 3589 ad
3015 3521 3552 3610 cognolcendum
3601 3521 4138 3610 imitandumque

1166 3625 1405 3706 legerit
1447 3646 1483 3689 z„
1523 3645 1606 3689 ne
1659 3623 1775 3688 ille
1826 3625 2011 3690 haud
2070 3624 2227 3691 sane
2264 3676 2283 3709 ,
2365 3623 2924 3712 quemadmodum
2983 3623 3178 3690 verba
3236 3623 3441 3690 struat
3509 3625 3576 3692 &
3647 3621 4046 3708 illuminet,
4095 3643 4140 3688 a

1170 3718 1499 3806 magistris
1574 3721 1719 3791 istis,
1759 3715 2043 3809 requiret
2087 3770 2101 3788 .
2160 3728 2259 3787 Ita
2315 3723 2512 3790 facile
2566 3727 2632 3787 in
2685 3747 2914 3793 rerum
2983 3724 3372 3792 abundantia
3431 3726 3512 3788 ad
3581 3721 3890 3790 orationis
3945 3743 4144 3790 orna·

1174 3836 1413 3886 menta·
1460 3819 1589 3884 fine
1640 3819 1845 3904 duce,
1900 3838 2138 3887 natura
2185 3821 2367 3907 ipsa„
2421 3823 2467 3887 fi
2523 3821 2736 3890 modo·
2767 3826 2856 3892 est
2905 3828 3300 3908 exercitata,
3353 3823 3648 3890 labetur.
3697 3875 3704 3888 .

1276 3921 1567 3984 XXXII.
1622 3920 1755 3984 Hic
1808 3921 2157 4006 Catulus,
2237 3925 2348 3989 Dii
2400 3925 2842 4012 immortales,
2897 3928 3158 4015 inquit,
3209 3943 3528 4012 quantam
3581 3945 3816 3993 rerum·
3859 3926 4132 3994 varieta-

1175 4033 1311 4086 tem
1354 4069 1377 4103 ,
1442 4038 1762 4107 quantam
1820 4022 1956 4087 vim
2008 4074 2028 4107 ,
2082 4039 2402 4111 quantam
2455 4025 2757 4110 copiam,
2809 4031 3064 4113 Crass‘e‚
3115 4026 3514 4113 complexus
3562 4046 3690 4112 es,
3759 4026 4125 4116 quantisque

1178 4139 1265 4186 ex
1322 4119 1645 4209 angustiis
1688 4139 2015 4190 oratorem
2064 4125 2340 4192 educere
2391 4124 2585 4190 ausus
2641 4145 2753 4211 es,
2805 4129 2872 4197 &
2933 4131 2998 4194 iu
3053 4129 3385 4208 maiorum
3440 4127 3710 4198 suorum
3759 4145 3952 4214 regno
3991 4125 4124 4190 col-

1178 4220 1404 4288 locare
1444 4223 1466 4282 .'
1540 4225 1847 4314 Namque
1897 4224 2047 4290 illos
2098 4243 2358 4292 veteres·
2398 4225 2755 4314 do&ores;
2835 4229 3250 4319 austorel'que
3299 4229 3556 4295 dicendi
3607 4231 3870 4296 nullum
3923 4246 4136 4316 genus

1179 4319 1636 4406 disputationis.
1682 4346 1721 4389 a
1772 4323 1835 4391 se
1912 4325 2220 4392 alienum.
2261 4327 2502 4415 putasse
2573 4330 2980 4415 accepimus,
3034 4331 3410 4420 semperque
3459 4331 3580 4398 effe
3651 4332 3720 4396 in
3775 4329 3958 4398 omni
4005 4349 4146 4394 ora·-

1182 4422 1391 4488 tioniS.
1426 4425 1673 4494 ratione
1740 4423 2025 4494 versatos
2060 4476 2077 4492 .
2132 4430 2234 4492 Ex
2287 4431 2520 4520 quibus
2576 4431 2770 4496 Eleus
2822 4433 3140 4520 Hippias,
3187 4455 3344 4500 cum
3395 4432 3790 4520 Olympiam
3849 4429 4150 4514 veniffet‚

1180 4528 1480 4591 maxima
1529 4527 1649 4593 illa
1724 4527 2200 4618 quinquennali
2250 4531 2630 4599 celebritate
2699 4533 3008 4600 ludorum
3049 4585 3068 4619 ,
3123 4535 3450 4625 gloriatus
3513 4533 3647 4618 est,
3693 4531 3938 4600 cunita
3990 4551 4150 4617 pene

1182 4625 1491 4690 audiente
1545 4629 1799 4692 Graecia
1839 4678 1864 4713 ,
1913 4629 2079 4696 nihil
2131 4629 2253 4697 effe
2305 4632 2444 4697 ulla
2517 4631 2586 4698 in
2641 4653 2782 4699 arte
2839 4655 3068 4701 rerum
3119 4637 3421 4702 omnium
3458 4687 3490 4721 ,
3530 4633 3708 4724 quod
3765 4631 3900 4723 ipse
3949 4630 4155 4698 nesci-

1181 4735 1342 4796 τευ
1394 4742 1513 4789 nec
1574 4725 1789 4790 sblum
1838 4725 1963 4794 has
2014 4747 2185 4795 artes
2227 4781 2246 4813 ,
2312 4733 2548 4818 quibus
2601 4732 2894 4800 liberales
2944 4735 3252 4805 dosttinae
3322 4753 3516 4825 atque
3567 4737 3872 4826 ingenuae
3943 4731 4154 4800 conti-

1182 4837 1541 4905 nerentur,
1593 4828 2071 4912 geometriam,
2126 4829 2489 4916 muslcam,
2539 4835 2883 4904 literarum
2933 4839 3415 4928 cognitionem,
3479 4840 3550 4910 &
3608 4854 3998 4925 poetarum,
4051 4850 4154 4899 at-

1180 4943 1311 5008 que
1366 4920 1547 5006 illa«,
1600 4945 1742 5011 quae
1794 4923 1873 4990 de
1925 4930 2182 4996 naturis
2251 4951 2476 4999 rerum
2515 4987 2535 5022 ,
2585 4957 2726 5024 quae
2776 4937 2856 5004 de
2907 4939 3259 5008 hominum
3311 4934 3648 5024 moribus,
3699 4959 3846 5030 quae-
3897 4935 3976 5006 de
4052 4955 4160 5000 re-

1185 5017 1303 5092 bus
1351 5022 1632 5118 publicis
1702 5023 2073 5098 dicerentur
2114 5054 2147 5098 ε.
2189 5027 2292 5102 sed
2361 5037 2688 5108 annulum
2712 5089 2749 5126 ‚0
2783 5061 2983 5134 quem
3033 5039 3302 5112 haberet
3338 5095 3358 5131 ,
3407 5041 3688 5136 pallium
3733 5093 3754 5128 ,
3803 5057 3956 5128 quo.
3989 5036 4162 5102 ami-

3859 5137 4009 5214 &us
4031 5191 4066 5226 2,
