4359 6321
852 481 1473 577 LIBER
1594 482 2695 581 SECUNDUS.
2961 518 3135 613 ῳ

294 604 520 695 inuste
563 601 657 674 est
709 599 890 674 visus
940 605 1025 671 de
1077 620 1359 695 utraque
1410 622 1487 671 re
1541 599 1796 670 dicere.
1858 602 1981 674 Ille
2039 625 2197 674 vero
2232 658 2253 693 ,
2301 607 2517 699 inquit
2567 612 2765 676 Cotta
2800 655 2823 694 ,
2871 619 3280 679 ornamenta

296 707 610 782 orationis
663 725 799 772 non
851 703 1068 793 attigit
1104 756 1128 789 ,
1177 723 1390 794 neque
1440 721 1593 770 eam
1646 700 1914 772 laudem
1952 754 1975 790 ,
2024 726 2107 773 ex
2158 730 2294 795 qua
2340 709 2718 799 eloquentia
2769 726 3015 775 nomen
3065 708 3282 796 ipsum

296 810 549 882 invenit
588 854 608 873 .
671 804 892 878 Verba
942 806 1145 895 igitur
1185 855 1211 891 ‚
1272 804 1495 895 inquit
1544 801 1803 872 Craffus
1839 856 1864 893 ,
1938 806 2108 875 mihi
2175 809 2443 902 reliquit
2490 808 2832 879 Antonius
2871 860 2893 895 ,
2960 826 3105 876 rem
3154 807 3288 898 ipse

298 907 608 997 sumpfit.

398 1014 586 1078 Tum
634 1005 849 1075 Caesar
877 1058 906 1094 ,
958 1004 1088 1092 si,
1135 1003 1313 1094 quod
1362 1004 1691 1076 difficilius
1742 1002 1881 1091 est,
1925 1005 1992 1073 id
2043 1002 2160 1075 tibi
2214 1008 2475 1100 reliquit
2513 1035 2537 1076 .·
2585 1013 2683 1081 est
2737 1010 2962 1099 nobiS,
3012 1012 3230 1102 inquit
3271 1064 3292 1098 ,

296 1109 496 1185 causa
527 1160 547 1196 ,
599 1129 720 1179 cur
770 1122 837 1175 te
892 1105 1121 1174 audire
1168 1106 1556 1193 cupiamus.
1610 1106 1768 1192 Sin,
1814 1106 1989 1196 quod
2022 1106 2330 1196 facilius,
2380 1109 2495 1177 tibi
2544 1108 2745 1181 causa
2793 1132 2929 1179 non
2977 1113 3104 1199 est,
3167 1132 3289 1181 cur

298 1208 591 1283 recuses·
647 1210 730 1274 Et
780 1207 1106 1292 CatuluS,
1154 1206 1381 1293 Qid,
1432 1202 1607 1297 quod
1657 1206 1915 1294 dixisti,
1964 1209 2219 1299 iuquit,
2269 1209 2487 1279 craffe
2528 1264 2551 1298 ,
2603 1211 2653 1279 fi
2701 1208 2812 1278 hic
2863 1210 3059 1280 hodie
3105 1209 3290 1301 apud

294 1334 365 1383 te
413 1328 886 1393 maneremuS,
939 1323 1002 1374 te
1052 1327 1310 1374 morem
1364 1307 1547 1375 nobis
1596 1304 1718 1374 effe
1767 1306 2107 1396 gesturum
2150 1362 2171 1396 ‚
2217 1308 2473 1393 nihilne
2519 1310 2609 1378 ad
2662 1309 2868 1379 fidem
2920 1326 3109 1379 tuam
3163 1334 3286 1400 pu-

301 1434 407 1483 tas
455 1409 829 1502 pertinere?
888 1411 1073 1475 Tum
1124 1412 1319 1474 Cotta
1361 1408 1589 1475 ridens
1621 1457 1652 1492 ,
1704 1408 1956 1475 Possem
2010 1407 2125 1475 tibi
2173 1462 2195 1495 ,
2234 1410 2455 1500 inquit
2493 1464 2516 1498 ‚
2567 1410 2794 1488 Craffe
2844 1413 3213 1484 concedere
3266 1436 3288 1475 t

303 1514 410 1585 sed
461 1509 657 1595 vide,
709 1529 793 1577 ne
840 1509 997 1597 quid
1044 1508 1325 1578 Catulus
1374 1507 1667 1578 attulerit
1721 1508 2063 1600 religionis
2104 1533 2122 1575 ε
2172 1532 2333 1600 opus
2387 1510 2514 1579 hoc
2566 1510 2952 1580 censorium
3005 1511 3096 1579 est
3148 1536 3164 1576 ε
3220 1508 3296 1577 id

304 1631 531 1682 autem
579 1612 994 1679 committere
1030 1663 1053 1697 ‚
1105 1608 1254 1677 vide
1300 1630 1506 1700 quam
1558 1606 1638 1676 fit
1685 1609 1952 1678 homini
2002 1624 2194 1700 turpe
2239 1610 2536 1680 censorio
2575 1659 2593 1676 .
2649 1611 2852 1699 Agite
2901 1631 3066 1678 vero
3103 1660 3126 1697 ‚
3177 1609 3295 1677 ille

302 1711 563 1802 inquit,
611 1726 690 1778 ut
741 1710 982 1779 vultis·
1038 1708 1160 1778 Sed
1208 1731 1393 1779 nunc
1443 1708 1759 1800 quidem,
1808 1710 2124 1801 quoniam
2176 1712 2247 1780 id
2300 1712 2620 1800 temporis
2668 1708 2760 1777 est
2796 1762 2819 1796 ‚
2870 1707 3292 1801 surgendum
3362 1726 3369 1740 ·

307 1808 587 1896 censeo,
635 1811 707 1882 ac
766 1808 1310 1900 requiescendum
1348 1836 1367 1873 ι
1416 1812 1551 1898 post
1602 1810 2001 1897 meridiem,
2046 1811 2095 1878 fi
2145 1810 2239 1882 im
2293 1811 2475 1880 vobis
2526 1810 2620 1879 est
2670 1808 3096 1880 commodum
3127 1860 3149 1897 ,
3200 1810 3297 1877 lo-

310 1931 589 2004 quemur
635 1910 891 1999 aliquid
927 1962 955 1997 ,
1025 1912 1143 1979 nisi
1198 1908 1364 1976 forte
1417 1909 1495 1977 in
1550 1912 1907 1980 crastinum
1953 1912 2223 1981 differre
2269 1912 2591 1981 mavultis
2628 1958 2647 1978 .
2719 1912 2976 1981 Omnes
3049 1907 3115 1978 se
3180 1910 3294 1978 vel

306 2014 533 2181 {zat‘ilm
556 2062 579 2097 ,
624 2009 775 2096 vel,
827 2009 874 2080 fi
925 2008 1059 2102 ipse
1097 2008 1252 2101 post
1302 2010 1645 2082 meridiem
1694 2013 1929 2084 mallet
1941 2062 1972 2104 4
2020 2033 2226 2106 quam
2259 2014 2554 2106 primum
2600 2027 2828 2092 tamen
2880 2010 3108 2082 audire
3154 2011 3294 2089 vel-2

309 2135 313 2140 ·
475 2127 776 2180 ixerunt„

3091 5129 3232 5200 DE
