4359 6321
1169 517 1354 649 138
1849 490 3237 605 DEORATORE.

1039 656 1236 733 atque
1285 654 1512 720 more,
1563 646 1638 703 ut
1690 630 1965 721 singulis
2020 622 2425 695 homin-ibus*
2450 640 2537 687 ne
2590 619 2869 708 amplius
2912 670 2933 705 ,
3000 640 3207 708 quam
3262 618 3555 708 fingulas
3604 631 3786 691 artes
3822 624 4043 711 ’'510ss

1046 744 1110 813 se
1164 744 1352 811 liceat
1391 788 1406 804 .
1461 741 1685 819 Quare
1739 754 1872 802 non
1901 784 1922 819 ,
1965 726 2085 797 etfi
2133 722 2691 813 eloquentiffimus
2733 719 3031 789 Athenis
3092 721 3376 787 Pericles
3412 771 3437 804 ‚
3477 718 3791 807 idemque
3834 725 3911 794 -in
3959 748 4050 799 ea

1042 844 1312 913 civitate
1363 840 1689 931 plurimos
1743 856 1949 905 annos
2015 829 2317 921 princeps
2368 822 2623 892 consilii
2674 818 2920 910 publici
2975 819 3105 884 fuit
3142 869 3163 906 ,
3234 819 3487 888 idcirco
3552 818 3855 898 ejusdem
3924 830 4051 901 ho..

1043 944 1289 1028 minis,
1339 962 1533 1033 atque
1587 940 1742 1007 artis
1791 950 2073 1025 utraque
2113 928 2406 997 facultas
2458 922 2887 991 existimanda
2930 918 3063 986 est:
3096 942 3282 1008 nec,
3337 922 3380 987 fi
3436 924 3810 998 P.,Craffu,s
3868 928 4049 1001 idem

1047 1048 1172 1117 fuit
1223 1046 1580 1135 eloquenQ
1635 1043 1702 1109 &
1753 1038 1932 1117 ,iuris
1979 1030 2227 1125 peritus
2266 1082 2289 1117 ,
2356 1025 2443 1097 ob
2509 1048 2660 1095 eam
2730 1020 3004 1091 causam
3058 1020 3713 1113 inest-‚infacultate
3774 1030 4047 1103 dicen&

1049 1150 1206 1229 jutis
1255 1146 1469 1213 civilis
1495 1218 1500 1222 ,
1523 1140 1784 1209 scientia
1805 1189 1820 1206 .

1151 1252 1327 1315 Nam
1380 1242 1427 1311 fi
1477 1239 1749 1333 quisque
1789 1293 1810 1324 ‚
1861 1254 1934 1305 ut
1985 1239 2054 1306 in
2111 1235 2333 1323 aliqua
2384 1244 2526 1297 arte
2576 1230 2647 1299 &
2708 1224 3024 1295 facultate
3078 1228 3461 1311 excellens,
3512 1228 3716 1298 aliam
3770 1255 4047 1327 quoque

1047 1366 1260 1417 artem
1311 1339 1423 1414 fibi
1475 1336 1876 1427 affumpserit
1917 1392 1940 1426 ,
2009 1340 2063 1406 is
2120 1334 2471 1423 perficiet,
2543 1348 2619 1405 ut
2648 1328 2676 1415 ’,
2726 1328 2905 1418 quod
2946 1344 3267 1415 praeterea
3317 1327 3475 1410 sciet
3512 1382 3535 1415 ,
3587 1332 3653 1399 id
3700 1336 3849 1414 esus
3896 1392 3917 1425 ,
3972 1341 4049 1407 in

1047 1470 1177 1543 quo
1221 1446 1508 1515 excellet
1552 1498 1574 1531 ,
1635 1462 1782 1533 pars
1849 1438 2146 1531 ,quaedam
2202 1436 2323 1507 effe
2378 1434 2737 1505 videatur:
2806 1432 2963 1499 licet
3017 1428 3135 1497 ista
3190 1432 3438 1497 ratione
3480 1433 3793 1505 dicamus
3836 1490 3855 1523 ‚
3910 1440 4052 1524 pila

1045 1550 1206 1617 bene
1254 1542 1608 1617 duodecim
1661 1544 1916 1630 scriptis
1969 1540 2189 1609 indere
2234 1542 2437 1626 (89)
2477 1562 2498 1625 3
2567 1535 2903 1625 proprium
2952 1531 3077 1603 effe
3126 1532 3290 1608 iuris
3360 1530 3581 1598 civilis
3627 1586 3650 1617 ‚
3716 1539 4045 1626 quoniam

1049 1669 1412 1739 utrumque
1458 1666 1690 1717 eorum
1743 1649 1814 1711 P.
1869 1644 2137 1714 Mucius
2185 1641 2433 1730 optime
2488 1639 2751 1725 fecerit3
2801 1636 3175 1723 eademque
3228 1634 3485 1701 ratione
3539 1632 3851 1707 dicantur
3901 1695 3920 1725 ,
3972 1643 4049 1711 δε

1051 1772 1214 1841 quos
1269 1746 1488 1834 φυσικῧς
1545 1749 1758 1817 Graeci
1811 1747 2156 1817 nomina-nt
2198 1794 2229 1831 ο
2296 1742 2496 1812 iidem
2548 1756 2749 1830 poctae
2788 1790 2808 1823 ‚
2858 1737 3180 1827 quoniam
3241 1734 3668 1821 Empedocles
3724 1740 4052 1826 physicus

1055 1851 1404 1941 egregium
1455 1872 1686 1940 poema
1739 1847 1964 1920 fecerit
1995 1896 2012 1915 .
2085 1851 2176 1913 At
2246 1846 2373 1915 hoc
2446 1866 2533 1913 ne
2588 1839 2954 1930 philosophi
3007 1838 3279 1926 quidem
3332 1837 3445 1925 ipfi
3486 1894 3504 1927 ,
3574 1841 3687 1927 qui
3738 1844 3973 1909 omnia
4028 1896 4052 1929 ‚

1055 1938 1222 2021 ficut
1277 1953 1542 2039 propria
1580 2004 1601 2039 ‚
1668 1950 1786 2019 sua
1824 1950 1954 2019 =effe
1995 2004 2015 2037 ‚
2081 1966 2275 2037 atque
2326 1970 2365 2015 a
2408 1946 2483 2015 se
2535 1942 2823 2032 poffideri
2880 1940 3112 2008 volunt
3152 1988 3173 2025 ,
3238 1941 3455 2009 dicere
3509 1939 3760 2009 audent
3798 1996 3825 2028 .‚
3893 1966 4053 2034 geo·-

1057 2054 1368 2121 metriam
1419 2070 1532 2119 aut
1586 2054 1904 2123 musicam
1953 2049 2317 2143 philosophi
2367 2048 2535 2133 effe,
2586 2048 2771 2134 quia*
2796 2042 3144 2111 Platonem
3196 2062 3427 2110 omnes
3474 2042 3547 2108 in
3618 2042 3753 2113 illis
3804 2046 4051 2117 artibus

1054 2152 1640 2246 praestantiffimum
1690 2152 1875 2222 fuiffe
1926 2152 2304 2220 fateantur.

1163 2257 1310 2341 Ac,
1361 2256 1406 2321 s1
1461 2258 1596 2335 iarn
1649 2256 1870 2345 placet
1917 2275 2149 2323 omnes
2200 2270 2373 2321 artes
2426 2249 2663 2319 oratori
2717 2244 3109 2337 subjungere
3159 2300 3178 2333 ,
3230 2244 3637 2314 tolerabilius
3684 2247 3779 2315 est
3833 2248 3912 2317 fic
3940 2272 4055 2340 po·-

1056 2357 1187 2425 tius
1238 2358 1494 2445 dicere,
1541 2377 1655 2445 ut,
1705 2358 2017 2449 quoniam
2071 2356 2328 2423 dicendi
2383 2350 2670 2423 facultas
2720 2370 2853 2415 non
2908 2348 3143 2417 debeat
3196 2349 3317 2418 effe
3388 2349 3605 2429 ieiuna
3658 2367 3853 2439 atque
3920 2373 4055 2419 nu-

1057 2460 1182 2541 da,
1235 2458 1340 2525 sed
1397 2460 1645 2547 aspersa
1715 2478 1910 2547 atque
1979 2455 2275 2523 distine‘ta
2330 2453 2699 2517 multarum
2750 2470 2977 2517 rerum
3052 2449 3347 2527 jucunda
3418 2450 3715 2541 quadam
3775 2454 4056 2521 varieta-

1057 2573 1160 2638 te,
1213 2558 1288 2621 fit
1333 2562 1496 2628 ‚boni
1547 2559 1830 2625 oratoris
1879 2554 2090 2623 multa
2139 2553 2410 2627 auribus
2462 2550 2807 2639 accepisse,
2856 2552 3067 2619 multa
3120 2550 3379 2639 vidiae,
3430 2553 3642 2622 multa
3698 2556 3921 2623 animo
3972 2556 4049 2623 δε

1056 2656 1493 2742 cogitatione,
1545 2655 1754 2722 multa
1806 2656 2005 2721 etiam
2061 2653 2833 2742 legendo'percurriss‘e:
2889 2674 3101 2741 neque
3144 2674 3227 2721 ea
3267 2708 3287 2739 ‚
3355 2672 3427 2725 ut
3483 2654 3596 2723 sua
3650 2655 3963 2745 possediffe
4026 2681 4058 2740 ς

1061 2755 1212 2838 sed,
1262 2772 1338 2821 ut
1387 2756 1605 2821 aliena
1648 2809 1669 2844 ,
1720 2757 1938 2823 libasse
1978 2804 1994 2821 .
2051 2757 2292 2821 Fateor
2342 2758 2522 2819 enim
2564 2806 2583 2838 ,
2634 2754 2960 2819 callidum
3018 2758 3353 2839 quendam
3408 2756 3591 2823 hunc
3632 2810 3653 2841 ,
3728 2761 3798 2827 ὅ(
3860 2757 4064 2829 nulla.

1056 2858 1128 2923 in
1182 2874 1255 2921 re
1305 2858 1628 2945 tironem,
1678 2868 1778 2924 ac'
1809 2854 2079 2943 rudem,
2131 2876 2255 2921 nec
2308 2853 2734 2942 peregrinum
2772 2904 2795 2937 ,
2863 2868 3066 2938 atque
3116 2852 3439 2939 hospitem
3488 2858 3557 2921 in
3633 2858 3883 2942 agendo
3930 2858 4071 2927 effe.

1058 2954 1320 3025 debere.
3181 3028 3187 3035 ,

1159 3058 1274 3121 Ll.
1327 3060 1562 3146 Neque
1621 3080 1776 3127 vero
1801 3056 1954 3145 :istis
2003 3055 2347 3147 traguuiiis
2398 3059 2527 3129 tuis
2582 3067 2779 3145 (90)
2821 3105 2842 3142 ‚
2890 3051 3128 3143 quibus
3186 3058 3280 3123 uti
3339 3054 3702 3142 philosophi
3754 3057 4073 3125 maxime

1058 3146 1309 3243 solent,
1363 3163 1622 3247 Craffe,
1674 3160 2052 3249 perturbor,
2105 3158 2277 3249 quod
2330 3164 2416 3227 ita
2472 3159 2743 3243 dixisti,
2812 3158 3146 3223 neminem
3206 3155 3369 3244 poffe
3426 3179 3667 3224 eorum
3722 3173 3979 3226 mentes
4043 3209 4071 3243 ,

1059 3261 1176 3350 qui
1228 3260 1573 3347 audirent,
1623 3281 1734 3330 aut
1783 3261 2208 3332 inflammare
2256 3259 2572 3346 dicendo,
2620 3275 2735 3326 aut
2790 3257 3243 3327 inflammatas
3298 3256 3747 3346 restinguere,
3796 3279 4067 3328 carneo

1057 3363 1356 3452 maxime
1415 3365 1512 3430 vis
1561 3365 1849 3430 oratoris
1899 3363 2823 3453 magnitudoquecernatur,
2874 3357 2993 3424 nifi
3044 3361 3158 3448 qui
3213 3378 3437 3426 rerum
3488 3362 3792 3428 omnium
3864 3377 4069 3430 natu-

1062 3481 1249 3547 ram,
1299 3483 1516 3532 mores
1569 3466 1976 3550 hominum,
2027 3485 2105 3533 ac
2156 3469 2451 3532 rationes
2502 3464 2761 3551 penitus
2812 3459 3207 3550 perspexerit
3250 3484 3267 3524 ε
3338 3465 3409 3528 in
3464 3485 3598 3552 quo
3646 3462 4065 3550 philosophia

1061 3564 1140 3634 fit
1189 3569 1436 3632 oratori
1489 3569 1836 3637 necefl'ario
1887 3566 2343 3656 percipiendat
2398 3587 2531 3656 quo
2580 3567 2647 3634 in
2700 3565 2909 3631 studio
2956 3562 3309 3630 hominum
3360 3584 3627 3653 quoque
3676 3563 4061 3654 ingeniolis:—

1061 3664 1387 3738 fimorum
1438 3669 2100 3757 otiofiffimorumque
2155 3686 2325 3734 totas
2370 3685 2596 3736 aetates
2648 3667 2951 3736 videmus
2999 3667 3127 3732 effe
3176 3668 3537 3732 contritas:
3572 3688 3876 3756 quorum
3914 3684 4063 3754 ⁴ego

1057 3763 1360 3852 copiam,
1409 3768 2076 3856 magnitudinemque
2145 3770 2546 3854 cognitionis
2582 3821 2601 3852 ‚
2670 3786 2869 3857 atque
2940 3770 3099 3834 artis
3171 3789 3305 3835 non
3378 3767 3577 3835 modo
3629 3791 3765 3836 non
3836 3783 4067 3836 conte-

1053 3886 1260 3950 runo,
1313 3862 1418 3937 sed
1467 3866 1666 3932 etiam
1721 3867 2148 3934 vehementer
2203 3868 2547 3933 admiror:
2600 3865 2789 3933 nobis
2840 3885 3063 3936 tamen
3103 3918 3123 3951 ‚
3192 3870 3305 3956 qui
3360 3871 3430 3936 in
3482 3869 3608 3942 hoc
3664 3870 3905 3958 populo
3955 3867 4066 3936 >fo-

1057 3986 1264 4054 roque
1317 3963 1704 4051 versamur,
1759 3966 1907 4034 satis
1961 3968 2053 4034 est
2099 3985 2176 4034 ea
2228 3967 2307 4033 de
2360 3965 2651 4036 moribus
2699 3968 3054 4040 hominum
3106 3970 3179 4046 ὣς
3238 3967 3441 4055 scire,
3499 3972 3812 4042 &dicere
3843 4025 3865 4059 ,
3909 3994 4067 4062 qua-²

1060 4088 1198 4138 non
1249 4064 1606 4134 abhorrent
1659 4069 1739 4136 ab
1792 4069 2146 4137 hominnm
2199 4068 2531 4138 moribus·

1143 4170 1325 4254 Qis
1371 4171 1552 4238 enim
1608 4191 1906 4260 unquam
1972 4188 2200 4240 orator
2272 4194 2563 4261 magnus
2632 4176 2703 4246 δε
2778 4172 3003 4261 gravis
3043 4224 3064 4259 ,
3138 4195 3299 4241 cum
3366 4175 3613 4244 iratum
3681 4171 4065 4244 adversario

1059 4275 1348 4351 judicem
1402 4271 1620 4339 facere
1671 4275 1872 4354 vellet
1913 4328 1934 4360 ,
1983 4274 2312 4356 haesitavit
2362 4271 2449 4343 ob
2498 4294 2644 4344 eam
2694 4273 2971 4346 causam
3008 4327 3031 4360 ,
3097 4277 3272 4367 quod
3346 4277 3627 4349 nesciret
3678 4275 3839 4368 quid
3906 4276 4065 4344 ess'et

1055 4376 1394 4463 iracundia
1432 4427 1454 4460 ‚
1507 4374 1822 4444 fervorne
1876 4377 2118 4446 mentis
2155 4429 2178 4462 ,
2230 4397 2331 4444 'an
2400 4378 2727 4464 cupiditas
2798 4378 3105 4465 puniendi
3154 4377 3404 4448 doloris
3446 4383 3481 4443 ,ἕ
3534 4391 3741 4472 (91)
3800 4379 3973 4464 Quis
4034 4429 4063 4465 ‚

1055 4496 1212 4548 cum
1265 4495 1533 4552 caeteros
1581 4481 1970 4549 animorum
2027 4497 2248 4558 motu-s
2295 4496 2415 4550 aut
2452 4477 2844 4568 judicibus,
2912 4495 3025 4548 aut
3078 4481 3321 4569 populo
3368 4481 3659 4554 dicendo
3706 4479 3983 4552 miscete
4036 4533 4065 4567 ,

3755 4599 3956 4675 atque

1247 4845 1252 4852 .

1139 4946 1165 5005 (
1197 4945 1311 5020 39)
1347 4939 1652 4998 Duodecim
1693 4938 1909 5012 scriptis
1945 4941 2135 5000 ludere
2165 4947 2195 5010 )
2230 4941 2376 5000 Vide
2413 4943 2526 5002 Vi·
2624 4942 2792 5001 tando
2826 4985 2844 5012 ,
2899 4961 2959 5000 ut
2998 4940 3118 5000 fieri
3156 4941 3293 5003 solet
3344 4967 3373 5006 a
3408 4945 3797 5020 tragaediarum
3853 4941 4063 5003 astori-

1041 5013 1338 5079 ·‹5i0r1unt,
1379 5015 1505 5071 Var.
1545 5013 1689 5070 Leti.
1730 5012 1827 5070 lib.
1869 5033 1916 5086 5.
1954 5033 2067 5084 cap.
2111 5037 2130 5072 ι
2170 5055 2191 5070 .
2228 5020 2284 5071 δε
2326 5035 2411 5088 50.
2624 5017 2746 5081 bus,
2784 5033 3027 5086 magnam
3068 5013 3296 5074 faciunt.
3336 5022 3625 5090 Pullus.

1143 5085 1485 5158 (90):Istis
1524 5085 1811 5156 tragoediis
1867 5089 1983 5144 tuis
2019 5092 2045 5150 )
2153 5087 2407 5160 ragoedias
2459 5088 2520 5148 in
2693 5093 2722 5152 (
2795 5095 2865 5154 ι)
2909 5088 3505 5164 cupiditaspum‘mds
3542 5092 3741 5150 dolosis
3774 5098 3803 5158 )
3838 5087 3909 5150 Id
3940 5085 4068 5152 est,

1077 5169 1232 5226 nugis
1269 5171 1424 5233 agere
1461 5157 1754 5226 dicuntur,
1791 5159 1878 5232 qui
1921 5177 2035 5223 rem
2073 5175 2297 5233 parvam
2334 5161 2523 5221 clami·
2622 5109 2915 5224 ulcissendi
2953 5158 3159 5220 doloris
3182 5201 3202 5232 ,
3238 5181 3397 5236 Qtem
3432 5165 3659 5228 aliorum
3692 5163 4068 5291 injuriaebpo·

3948 5249 3994 5288 ις
