4359 6321
930 542 2430 654 Panrtrtomssn
2907 569 3098 688 4ss

256 669 343 746 eii
378 717 397 739 .
466 669 573 740 Ex
639 685 769 758 qua
844 675 1198 760 partitione
1264 673 1389 739 tria
1456 691 1699 762 genera
1766 674 2114 743 causarum
2150 677 2572 750 exstiterunt
2607 706 2630 746 t
2697 701 2912 751 unum
2957 737 2980 772 ,
3043 683 3228 774 quod

258 785 397 862 (η
430 781 461 853 )
512 791 551 836 a
618 770 879 836 meliori
930 775 1170 860 partei,
1221 773 1619 840 laudationis
1664 769 1755 837 est
1806 777 2206 864 appellatum
2245 807 2268 867 ,-
2339 783 2813 854 deliberationis
2865 784 3148 854 alterum
3201 811 3228 873 ,-

254 873 525 940 tertium
566 870 970 951 iudiciorum
1004 921 1025 942 .
1077 877 1525 958 Qamobrem
1576 869 1656 938 de
1701 873 1919 958 primo
1962 878 2261 962 primum
2299 935 2320 968 ,
2376 859 2424 950 ii
2473 885 2731 974 placet,
2777 881 3222 976 disputemus-

254 971 607 1042 Fls-lus,
660 973 831 1040 Mihi
886 992 1046 1040 vero
1094 975 1345 1062 placet.
2034 1015 2044 1022 ·

352 1075 545 1145 XXI.
602 1075 951 1142 PATER.
1002 1075 1111 1144 Ac
1160 1071 1475 1141 laudandi
1530 1071 2074 1166 vituperandique
2128 1081 2412 1152 rationes
2448 1137 2471 1170 ,
2539 1109 2686 1178 quae,
2737 1111 2874 1158 non
2929 1087 3013 1158 ad
3071 1089 3236 1158 bene

248 1171 619 1244 dicendutn
669 1174 883 1242 solum
922 1223 945 1259 ,
996 1173 1104 1242 sed
1152 1175 1357 1242 etia-m
1409 1169 1493 1240 ad
1544 1171 1805 1240 honeste
1858 1175 2228 1245 vivendum
2279 1187 2502 1250 valent
2549 1239 2571 1272 ,
2635 1211 2973 1278 exponam
3023 1189 3234 1256 brevi-

247 1293 397 1366 ter,
446 1293 640 1367 atque
690 1295 726 1340 a
776 1276 1111 1364 principiis
1156 1275 1461 1342 exordiar
1512 1275 1580 1342 &
1659 1273 1981 1342 laudandi
2052 1281 2123 1346 &
2200 1279 2610 1372 vituperandi
2651 1337 2668 1354 .
2735 1291 2990 1358 Omnia
3052 1292 3235 1357 enim

254 1377 415 1448 sunt
466 1373 763 1466 profeRo
812 1375 1190 1462 laudanda,
1246 1395 1389 1465 quae
1439 1373 1791 1452 coniunCta
1842 1395 2001 1441 curn
2056 1378 2302 1446 virtute
2355 1381 2560 1472 sunt;
2607 1389 2676 1455 &
2735 1409 2877 1478 qua:
2927 1413 3086 1462 cum
3139 1391 3236 1458 vi-

252 1480 403 1563 tiis,
465 1475 897 1568 vituperanda
932 1523 949 1544 .
1004 1477 1451 1562 Qamobrem
1507 1475 1665 1544 finis
1737 1474 2005 1542 alterius
2068 1477 2157 1542 est
2208 1479 2508 1549 honestas
2541 1536 2564 1568 ,
2623 1486 2898 1556 alterius
2965 1492 3240 1576 turpitu-

252 1580 347 1648 do
384 1626 403 1645 .
450 1577 820 1649 Conficitur
869 1595 1095 1650 autem
1146 1599 1361 1669 genus
1412 1579 1539 1646 hoc
1590 1575 1930 1661 ἀὶξὶίθηίς,
1984 1579 2334 1645 narrandis
2391 1588 2924 1678 exponendisque
2975 1588 3162 1657 fastis
3217 1641 3238 1674 ,

254 1681 399 1756 ,stne
466 1679 621 1749 uilis
680 1679 1362 1770 argumentationibus
1402 1731 1423 1766 ‚
1489 1677 1569 1747 ad
1638 1679 1847 1748 animi
1896 1695 2119 1746 motus
2174 1679 2426 1747 leniter
2495 1684 2878 1756 trastandos
2957 1689 3172 1782 magis
3223 1741 3246 1774 ‚

250 1801 469 1872 ,quam
534 1780 616 1848 ad
685 1779 889 1852 fidem
959 1782 1337 1852 faciendam
1375 1832 1397 1867 ,
1472 1795 1587 1848 aut
1655 1779 2186 1849 confirmandam
2255 1783 2750 1854 accommodate
2791 1835 2808 1854 .
2857 1791 3014 1857 Non
3067 1791 3250 1858 enim

258 1881 457 1954 dubia
506 1879 917 1970 firmantur,
970 1883 1080 1952 sed
1131 1903 1206 1951 ea
1250 1936 1272 1969 ‚
1336 1905 1483 1972 quae
1556 1901 1738 1951 certa
1776 1935 1796 1967 ,
1873 1895 1987 1949 aut
2042 1902 2164 1968 pro
2224 1885 2430 1950 certis
2476 1885 2682 1974 polita
2735 1886 2885 1955 sunt
2926 1939 2948 1974 ‚
2997 1907 3248 1976 augen-

259 1999 373 2056 tur
410 2032 426 2048 .
476 1984 930 2067 Quamobrem
982 1985 1201 2054 exiis
1239 2035 1261 2070 ‚
1326 2005 1469 2074 quae
1539 2000 1691 2050 ante
1743 1980 1919 2050 dista
1972 1979 2120 2050 fiant
2162 2035 2183 2068 ‚
2259 1987 2328 2054 διε
2387 1985 2760 2074 narrandi,
2815 1990 2901 2059 v&
2960 1986 3250 2078 augendi

252 2101 579 2178 ,praecepta
628 2103 1003 2176 repetentur
1040 2135 1057 2154 .
1110 2089 1196 2152 Et
1234 2136 1256 2172 ‚
1308 2087 1626 2175 quoniam
1696 2085 1764 2152 in
1836 2083 1937 2150 his
1990 2083 2199 2154 causis
2247 2087 2466 2155 omnis
2512 2090 2686 2155 tatio
2737 2090 2872 2158 fere
2928 2091 3012 2156 ad
3065 2087 3257 2156 volu-

250 2202 510 2276 ptatem
580 2187 901 2255 auditoris
955 2190 1025 2257 &
1090 2187 1170 2253 ad
1218 2185 1715 2256 deleaationem
1772 2183 2054 2254 refertur
2094 2237 2115 2271 ,
2203 2189 2524 2255 utendum
2571 2193 2698 2259 erit
2749 2192 2828 2260 iis
2901 2192 2972 2256 in
3021 2188 3258 2257 oratio-

252 2307 351 2355 ne
403 2287 829 2376 singulorum
884 2297 1085 2375 (ιι)
1128 2287 1499 2356 ‘verborum
1550 2283 1916 2376 insignibus
1956 2340 1977 2374 ,
2048 2308 2188 2378 quae
2240 2287 2476 2357 habent
2531 2291 2897 2378 plurimum
2971 2288 3258 2358 suavita-

250 2389 405 2480 tis:
459 2387 527 2459 id
560 2388 671 2456 -est
710 2441 732 2474 ‚
802 2401 875 2456 ut
953 2389 1145 2458 fastis
1218 2389 1432 2457 verbis
1470 2442 1493 2475 ,
1560 2408 1673 2456 aut
1729 2387 1995 2456 vetustis
2032 2439 2056 2475 ‚
2122 2403 2234 2454 aut
2288 2391 2625 2460 translatis
2678 2392 3059 2484 frequenter
3113 2407 3259 2458 uta-

254 2507 487 2574 ,mut-3
540 2489 609 2557 δε
669 2491 737 2556 in
791 2488 929 2578 ipsa
978 2489 1477 2582 construstionej
1526 2489 1878 2559 verborum
1922 2543 1941 2574 ,
2010 2505 2086 2556 ut
2142 2493 2317 2578 paria
2372 2490 2634 2580 paribus
2674 2548 2694 2582 ‚
2765 2495 2834 2564 δε
2883 2493 3129 2561 similia
3185 2489 3262 2556 st-

199 2620 206 2627 ·
260 2585 541 2660 milibus
590 2587 749 2678 saepe
798 2591 1167 2662 referantur
1204 2619 1229 2679 ,-
1282 2609 1357 2660 ut
1407 2593 1745 2660 contraria
1786 2643 1809 2678 ‚
1842 2611 1935 2658 -ut
1992 2595 2330 2680 geminata
2374 2643 2394 2677 ,
2460 2608 2534 2660 ut
2579 2592 3086 2682 circumscripta
3139 2613 3259 2658 nu-

248 2687 521 2760 merose
560 2743 583 2781 ,
650 2711 787 2760 non
864 2691 949 2760 ad
1024 2693 1515 2762 similitudinem
1588 2692 1900 2762 versuum
1942 2744 1963 2778 ,
2036 2691 2141 2760 sed
2189 2693 2278 2762 ad
2327 2696 2728 2781 explendum
2781 2696 3047 2762 aurium
3111 2691 3262 2758 {en-

253 2790 419 2860 sum
458 2821 515 2878 „,·
577 2808 733 2882 apto
804 2793 986 2884 quali
1057 2793 1345 2886 quodam
1416 2792 1781 2864 verborum
1870 2793 2065 2862 modo
2124 2841 2139 2859 .
2233 2793 2750 2888 Adhibendaque
2849 2792 3260 2887 frequentius

246 2896 471 2964 ttiam
524 2891 643 2961 illa
711 2913 1099 2964 ornamenta
1158 2917 1395 2965 rerum
1450 2896 1602 2963 sunt
1644 2948 1664 2981 ,
1716 2897 1851 2963 five
1901 2919 2045 2985 quae
2102 2891 2522 2964 admirabilia
2568 2952 2588 2984 ,
2643 2901 2716 2968 δε
2775 2919 2900 2966 nec
2956 2896 3269 2982 opinata,

240 2993 399 3060 ,five
436 3001 478 3078 .(
516 3005 657 3080 13)
730 2993 1097 3082 fignificata
1149 2997 1453 3062 monstris
1494 3049 1514 3081 ,
1570 2997 1881 3084 prodigiis
1937 3049 1958 3081 ,
2030 2999 2101 3065 &
2156 2998 2445 3063 oraculis
2485 3052 2506 3084 ,
2557 3001 2694 3067 live
2745 3023 2890 3090 quae
2950 2992 3278 3063 videbun--

242 3112 371 3163 tut
424 3094 480 3158 ei
540 3147 560 3180 ,
606 3093 691 3160 de
740 3115 876 3183 quo
926 3097 1189 3185 agimus
1230 3148 1251 3182 ,
1298 3095 1594 3164 accidisse
1641 3093 1863 3163 divina
1904 3146 1924 3180 ,
1994 3113 2194 3185 atque
2253 3093 2482 3165 fatalia
2537 3142 2557 3168 .
2621 3100 2865 3167 Omnis
2922 3099 3104 3167 enim
3151 3116 3270 3160 ex-

245 3194 579 3283 speStatio
626 3192 811 3276 eiuS,
864 3198 975 3281 qui
1032 3197 1251 3279 audit,
1302 3200 1373 3265 &
1435 3198 1822 3287 admiratio,
1871 3197 2306 3285 &improvisi
2361 3200 2628 3285 exitus,
2681 3200 2920 3267 habent
2972 3199 3270 3287 aliquam

244 3294 329 3363 in
392 3292 716 3363 audiendo
772 3290 1223 3379 voluptatem.

358 3396 595 3469 XXII.
647 3391 773 3461 sed
824 3394 1138 3481 quoniam
1210 3392 1277 3457 in
1330 3388 1535 3461 tribus
1606 3390 1957 3483 generibus
2032 3390 2253 3480 bona,
2336 3397 2596 3461 malave
2663 3394 3022 3461 vet-{antur
3061 3443 3082 3477 ,
3147 3414 3267 3459 ex-

236 3498 483 3569 ternis
523 3547 545 3582 ,
597 3494 929 3582 corporis,
979 3496 1049 3565 ὃ(
1108 3493 1315 3563 animi
1354 3518 1378 3580 3
1427 3494 1637 3585 prima
1690 3492 1843 3560 sun't
1890 3508 2165 3561 externa
2209 3546 2229 3578 ,
2281 3516 2422 3583 quae
2473 3494 2810 3563 ducuntur
2864 3515 2902 3559 a
2954 3512 3196 3580 genere
3236 3514 3258 3553 :

246 3620 407 3691 quo
460 3594 743 3665 breviter
792 3596 1175 3684 modiceque
1224 3607 1431 3687 (14)
1497 3593 1761 3665 laudato
1799 3646 1821 3681 ,
1892 3614 2006 3661 aut
2046 3649 2065 3681 ,
2125 3597 2348 3661 fi'erit
2400 3595 2646 3663 infame
2685 3648 2706 3680 ,
2781 3592 3194 3682 praetermiffo
3231 3643 3265 3679 .‚

256 3703 315 3771 st
372 3698 636 3768 humile
676 3749 701 3785 ‚
752 3699 859 3765 vel
918 3698 1243 3788 praeterito
1286 3749 1308 3782 ,
1360 3696 1471 3765 vel
1518 3694 1605 3763 ad
1650 3698 2025 3785 augendam
2082 3697 2228 3774 eius
2267 3750 2288 3782 ,
2335 3718 2538 3788 quern
2593 3696 2824 3763 laudas
2863 3749 2886 3782 ‚
2935 3692 3266 3783 gloriam,

250 3801 495 3889 τεθείη
540 3800 885 3887 deincep,
938 3798 987 3865 st
1038 3819 1137 3865 res
1196 3799 1475 3885 patiatur
1512 3851 1533 3885 ,
1597 3796 1681 3865 de
1719 3798 2003 3867 fortunis
2053 3798 2217 3884 etit,
2269 3800 2338 3868 &
2394 3796 2822 3868 facultatibus
2845 3795 3250 3866 dicendum.

245 3902 504 3971 Postea
552 3900 632 3969 de
684 3898 1227 3988 corporisbonis;
1288 3901 1359 3965 in
1410 3898 1973 3992 quibusquidem‚
2024 3920 2167 3989 quae
2190 3901 2504 3967 virtutem
2557 3901 2858 3967 maxime
2897 3894 3222 3984 fignificat
3243 3938 3282 3979 ,-

242 4003 596 4074 facillime
630 4001 850 4069 forma
901 4000 1247 4068 laudatur.
1303 4002 1554 4067 Deinde
1606 3998 1697 4069 est
1747 4002 1828 4067 ad
1882 3999 2055 4068 fasta
2107 4001 2508 4067 veniendum
2551 4052 2572 4087 ,
2639 4019 2932 4091 quoru-m
2983 3994 3265 4062 colloca-

242 4104 355 4173 tio
412 4102 661 4193 triplex
712 4100 805 4171 est
840 4149 856 4165 .
910 4102 1055 4168 Aut
1104 4103 1283 4168 enim
1338 4118 1715 4189 temporum
1768 4100 2125 4170 servandus
2170 4101 2266 4169 est
2316 4102 2478 4167 ordo
2521 4153 2538 4186 ,
2592 4118 2709 4168 aut
2755 4102 2824 4167 in
2879 4098 3113 4186 primis
3167 4113 3262 4159 re·-

246 4202 715 4275 centiflimum
766 4202 1075 4291 quodque
1124 4200 1473 4269 dicendum
1520 4254 1542 4289 ,
1592 4220 1705 4268 aut
1756 4204 1972 4273 multa
2024 4204 2101 4273 .&
2161 4204 2337 4269 varia
2397 4201 2570 4270 fasta
2622 4203 2688 4268 in
2741 4200 3000 4289 propria
3063 4198 3266 4265 virtu·

476 4308 649 4373 Tom.
705 4310 758 4371 1.
2138 4308 2208 4371 N
2267 4324 2310 4369 n
2366 4325 2411 4368 n
3017 4314 3164 4363 tum

246 4492 3252 4578 Μ

324 4669 361 4728 (
398 4680 465 4719 n
492 4668 527 4727 3
577 4668 639 4721 A
674 4661 891 4721 meliori
917 4672 1083 4735 paru
1119 4666 1151 4731 )
1204 4658 1344 4733 Qua
1406 4657 1606 4719 melius
1646 4656 1727 4715 est
1828 4658 1919 4716 bus
1970 4656 2081 4715 sere
2118 4652 2462 4727 antiquitatis
2501 4651 2641 4732 viris
2691 4690 2712 4731 ,¹
2771 4650 2862 4725 qui
2901 4647 2976 4729 ad·
3006 4644 3266 4703 summum

235 4732 536 4800 laudare,
568 4752 727 4805 quam
764 4734 1112 4806 vituperare,
1145 4750 1311 4805 genus
1346 4728 1455 4789 hoc
1489 4728 1721 4801 aprimo
1828 4728 1918 4791 vel
1956 4728 2244 4799 dignitatis
2279 4768 2296 4791 ‚
2363 4724 2452 4781 vel
2510 4741 2732 4780 vlt-tutis
2797 4718 3074 4804 ’fastlgmm
3133 4734 3260 4783 per-

240 4824 493 4865 nomen
528 4802 791 4885 sumpsit.
826 4802 1056 4865 Fortafl‘e
1095 4804 1389 4875 legendum
1449 4802 1667 4860 meliore
1704 4841 1719 4859 .
1822 4818 2101 4859 venerunt
2122 4841 2141 4866 ,
2181 4800 2304 4857 talia
2340 4793 2582 4871 quadam
2609 4812 2814 4853 narrari
2847 4812 2876 4849 a
2899 4782 3262 4849 laudatoribus

238 4879 495 4940 Cicero
542 4894 697 4935 emm
746 4874 891 4934 casus
948 4874 1257 4946 hujusmodi
1330 4871 1523 4935 ell'etre
1578 4870 1720 4931 solet
1822 4870 2044 4931 solent.

246 4972 371 5027 1‘er
412 4970 447 5007 θ
472 4985 488 5003 ·
1890 4947 2061 5017 (14)
2100 4943 2360 5001 Laudato
2402 4946 2431 5006 )
2465 4936 2741 5017 Alii-leg.
2784 4936 2932 4991 rado
2969 4969 2985 4987 .
3039 4922 3260 4996 Attingi

314 5026 370 5088 .(
400 5019 847 5089 nimborum
882 5016 1223 5095 iffignibus)
1258 5018 1548 5095 Significat
1586 5034 1717 5079 ver·
1816 5036 1995 5073 autem
2035 5014 2212 5093 potest
2253 5032 2420 5121 genus
2474 5008 2684 5066 humile
2725 5046 2740 5069 ,
2813 4996 3264 5133 Ἢιεωαάὲτιοὲυῗ

242 5095 483 5155 borum
516 5092 746 5169 figuras.
1818 5084 1974 5148 suum
2013 5102 2241 5155 attingit
2283 5088 2486 5142 Mmus
2520 5074 2661 5149 apud
2703 5074 2821 5135 Salu
2879 5090 2985 5129 ium
3057 5089 3088 5129 e
3171 5088 3201 5129 e

332 5178 371 5239 ί
394 5173 519 5249 13)
554 5166 883 5243 ὃίιῦὸαΐο
916 5162 1173 5239 monstris
1206 5163 1373 5237 ἀι.)
1407 5164 1499 5229 De
1535 5157 1721 5225 omni·
1822 5158 1881 5219 lo
1914 5152 2222 5234 jugurtino
2259 5156 2320 5214 in
2358 5150 2632 5214 concione
2668 5148 2735 5207 ad
2773 5144 3057 5216 Quirites.

3025 5281 3036 5319 l
