4359 6321
97 4204 103 4219 -
93 3490 115 4183 ί---.....--.--.-..-.--------

1061 420 1683 510 LIBER
1807 420 2613 511 PRIMUS.
2994 452 3163 544 ης

315 561 355 607 a
409 538 506 605 M.
557 534 782 605 craffo
835 552 1103 625 praetore
1149 538 1624 623 contenderet,
1673 552 1750 609 ut
1801 539 1906 625 ei,
1951 557 2154 627 quem
2206 538 2637 625 defendebat,
2684 538 2881 607 causa
2930 540 3159 609 cadere
3212 544 3292 612 li·

305 653 480 708 ceret
535 638 778 725 (47)‘:
829 642 952 705 Cn.
1005 653 1230 707 autem
1281 638 1650 725 Ostavius,
1699 638 1904 706 homo
1955 635 2367 727 consularis,
2421 663 2569 725 non.
2612 642 2833 713 minus
2888 641 3091 731 longa
3144 663 3291 709 ora-

193 809 198 818 ,
307 742 484 807 tione
537 735 911 824 recusaret,
963 758 1050 807 ne
1099 739 1517 809 adversarius
1565 738 1766 811 causa
1814 738 2115 824 caderet,
2159 759 2243 807 ac
2298 761 2380 807 ne
2429 743 2485 809 is
2522 792 2543 827 ,
2592 762 2711 829 pro
2756 764 2888 831 quo
2938 740 3069 832 ipse
3113 741 3291 809 dice·

291 857 402 907 ret
443 892 466 926 ,
535 840 708 928 turpi
761 840 986 908 tutelae
1041 838 1287 918 judicio
1323 892 1347 927 ,
1413 858 1608 933 atque
1661 843 1846 911 omni
1897 837 2205 909 molestia
2242 891 2265 924 ,
2340 841 2606 909 stultitia
2656 842 3003 911 adversarii
3044 896 3066 930 ‚
3132 842 3289 911 libe-

297 942 600 1011 raretur?
1231 1028 1240 1035 .
1569 944 1582 956 ‘

405 1048 552 1131 Ego
601 1062 758 1111 vero
809 1040 964 1111 istos
993 1094 1014 1127 ‚
1065 1042 1318 1133 inquit,
1370 1052 1396 1129 (
1441 1044 1692 1109 nemini
1745 1042 1925 1111 enim
1975 1042 2139 1109 mihi
2192 1062 2461 1111 narrare
2514 1044 2822 1111 Mucium
2874 1056 2899 1131 )
2956 1066 3091 1111 non
3142 1064 3287 1111 mo-

297 1144 386 1210 do
432 1146 716 1212 oratoris
767 1144 1080 1227 nomine,
1135 1142 1240 1210 sed
1293 1162 1378 1209 ne
1433 1143 1577 1211 foro
1629 1143 1896 1233 quidem
1950 1142 2191 1231 dignos
2242 1144 2575 1231 putarim.
2630 1146 2841 1234 Atqui
2896 1166 3031 1213 non
3080 1142 3287 1211 defuit

297 1244 435 1313 illis
485 1245 818 1335 patronis,
868 1245 1085 1333 inquit
1137 1242 1442 1328 crassus,
1491 1245 1872 1335 eloquentia
1915 1293 1938 1327 ‚
1985 1262 2199 1333 neque
2246 1240 2503 1312 dicendi
2556 1246 2721 1312 ratio
2760 1296 2781 1330 ‚
2854 1262 2967 1312 aut
3018 1244 3205 1332 copia
3265 1296 3289 1328 ,

291 1343 409 1413 sed
463 1346 624 1425 juris
671 1347 889 1413 civilis
943 1343 1284 1432 prudentia
1325 1372 1346 1433 3
1420 1345 1596 1436 quod
1648 1347 1816 1411 alter
1853 1344 2016 1439 ‘plus
2052 1397 2071 1428 ,
2149 1342 2307 1431 lege·
2344 1345 2603 1432 agendo
2644 1397 2667 1429 ‚
2722 1344 2967 1433 petebat
3008 1398 3029 1432 ,
3080 1362 3287 1434 quam

294 1463 626 1534 quantum
677 1445 788 1511 lex
839 1446 908 1511 iu
961 1449 1118 1513 XII.
1172 1444 1412 1514 tabulis
1469 1437 1906 1535 permiserat3
1955 1444 2129 1535 quod
2178 1465 2339 1513 cum
2396 1444 2864 1532 impetrasset,
2930 1443 3123 1513 causa
3176 1466 3286 1511 ca·

295 1550 482 1613 deret
525 1571 544 1611 2
601 1544 768 1612 alter
815 1547 1122 1637 iniquum
1177 1546 1447 1635 putabat
1500 1548 1653 1636 plus
1707 1547 1932 1615 secum
1990 1548 2098 1635 agi
2141 1599 2161 1632 ,
2230 1565 2432 1634 quam
2482 1544 2659 1633 quod
2728 1546 2895 1611 esset
2966 1546 3035 1611 in
3084 1545 3285 1613 astio-

295 1666 442 1734 ne3
513 1666 729 1738 neque
795 1646 1263 1739 intelligebat,
1329 1649 1379 1719 fi
1449 1651 1538 1719 ita
1609 1648 1773 1718 esset
1845 1647 2069 1717 astum
2112 1700 2132 1734 ,
2206 1648 2398 1715 litem
2472 1644 2915 1715 adversarium
3000 1644 3284 1735 perditu-

309 1768 499 1814 rum.

403 1848 764 1912 XXXVII.
819 1849 1054 1931 Quid?
1107 1850 1208 1915 his
1267 1851 1492 1935 paucis
1542 1850 1822 1933 diebus,
1868 1866 2086 1916 nonne
2127 1901 2148 1935 ‚
2204 1848 2389 1917 nobis
2436 1849 2503 1916 in
2560 1849 2873 1918 tribunali
2948 1852 3032 1932 Q.
3086 1850 3283 1913 Pom-

297 1944 472 2034 peii,
521 1944 812 2033 praetoris
862 1942 1136 2031 urbani,
1185 1948 1530 2013 familiaris
1585 1949 1780 2015 nostri
1821 1999 1842 2032 ‚
1893 1947 2303 2031 sedentibus,
2353 1951 2553 2015 homo
2600 1970 2685 2040 ert
2736 1970 3016 2020 numero
3082 1944 3281 2017 diser-

299 2059 530 2111 torum
581 2045 947 2132 postulabat
995 2052 1140 2134 (48
1176 2059 1210 2140 )·
1239 2100 1262 2132 ‚
1343 2062 1418 2113 ut
1472 2048 1617 2133 illi,
1666 2046 1840 2114 unde
1890 2063 2268 2134 peteretur,
2322 2062 2509 2113 vetus
2567 2064 2759 2149 atque
2810 2049 3039 2141 usitata
3088 2067 3283 2113 exce-

295 2145 436 2233 ptio
489 2142 799 2230 daretur,
851 2147 1057 2228 eujus
1105 2156 1392 2234 pecuniae
1445 2151 1586 2214 dies
1629 2142 1918 2237 fuiss‘et?
1991 2146 2170 2235 quod
2225 2144 2513 2231 petitoris
2578 2146 2769 2220 causa
2817 2162 3279 2235 comparatum

295 2246 419 2313 effe
473 2266 604 2311 non
660 2243 1118 2341 intelligebat:
1169 2264 1246 2315 ut
1285 2302 1304 2334 ‚
1359 2246 1403 2313 fi
1455 2248 1570 2316 ille
1617 2247 1948 2315 inficiator
2007 2244 2320 2331 probasset
2374 2246 2613 2331 iudici,
2664 2261 2817 2315 ante
2868 2248 3135 2333 petitam
3184 2244 3287 2312 es-

297 2345 367 2414 se
418 2350 806 2434 pecuniam,
855 2367 1060 2435 quam
1113 2348 1260 2415 effer
1311 2366 1530 2437 coepta
1581 2345 1797 2415 deberi
1840 2398 1858 2431 ,
1930 2349 2201 2432 petitor,
2252 2344 2485 2417 rursus
2536 2368 2695 2413 cum
2746 2363 3047 2433 peteret,
3093 2366 3283 2413 exce-

295 2449 516 2537 ptione
565 2445 1086 2534 excluderetur,
1133 2450 1320 2537 ,Quod
1367 2472 1442 2515 ea
1482 2471 1584 2516 res
1637 2457 1704 2513 in
1757 2448 2078 2531 judicium
2129 2462 2320 2513 antea
2372 2442 2669 2529 veniffet.
2718 2448 2902 2530 Qid
2956 2467 3115 2533 ergo
3153 2446 3279 2513 hoc

293 2548 447 2617 fieri
520 2549 774 2635 turpius
813 2600 834 2634 ‚
902 2564 1015 2616 aut
1063 2546 1194 2617 dici
1244 2548 1446 2639 potest
1485 2604 1506 2637 ,
1573 2569 1778 2640 quam
1829 2568 2030 2632 eum,
2079 2543 2423 2635 qui-hanc
2476 2544 2819 2635 personam
2876 2545 3222 2634 susceperit
3256 2600 3280 2633 ‚

297 2666 370 2717 ut
411 2649 780 2719 amicorum
817 2651 1336 2735 controversias,
1387 2650 1748 2743 causasque
1798 2666 2106 2735 tueatur,
2153 2642 2598 2725 laborantibus
2640 2648 3037 2732 succurrat,
3082 2647 3281 2735 aegris

1913 2778 1922 2792 ·
3034 2764 3173 2815 me·

295 3151 464 3221 longa
499 3148 751 3206 oratione
789 3149 1052 3208 recusabat
1085 3194 1101 3213 ‚
1138 3174 1206 3210 ne
1243 3155 1364 3224 plus
1415 3176 1696 3226 peteretur
1724 3197 1740 3223 ,

292 3221 408 3278 hoc
446 3221 522 3278 est
552 3262 569 3287 ‚
601 3239 671 3278 ne
687 3218 940 3291 Hypseus
972 3221 1114 3278 causa
1151 3221 1399 3287 caderet,
1431 3245 1586 3295 atque
1619 3225 1734 3297 ipse

291 3295 457 3350 litem
495 3291 802 3349 obtineret.
837 3293 986 3348 Idem
1009 3331 1025 3347 .

375 3369 526 3434 (47)
568 3361 754 3434 Causa
793 3363 986 3419 cadere
1037 3363 1223 3420 liceret
1261 3369 1288 3428 )
1345 3364 1434 3423 Ut
1493 3382 1739 3420 naturam

289 3433 457 3506 hujus
509 3433 668 3502 litis,
723 3432 946 3506 ejusque
995 3453 1114 3505 quae
1167 3433 1226 3490 in
1280 3433 1524 3506 sequenti
1563 3434 1742 3504 capite

288 3505 582 3572 occurrit,
635 3505 769 3564 bene
823 3503 1227 3574 intelligamus,
1282 3505 1402 3561 audi
1461 3503 1737 3562 Erasmum

288 3578 354 3637 in
399 3577 570 3647 Adag.
609 3575 772 3636 Chil.
797 3595 849 3646 ς.
887 3577 1132 3633 Cent.2.
1171 3581 1337 3634 Pr0v.
1384 3595 1467 3647 15.
1503 3617 1542 3642 „
1585 3579 1737 3634 Cau-

293 3691 334 3718 ‚,
375 3649 430 3706 sa
466 3648 658 3705 cadere
696 3647 738 3704 is
776 3647 1056 3704 videbatur
1093 3647 1184 3718 qui
1237 3648 1376 3704 male
1412 3645 1620 3717 agendo
1651 3649 1735 3714 jus

303 3764 344 3788 ,‚
386 3718 584 3790 agendi
623 3717 975 3790 perdidisset.
1014 3726 1070 3775 Si
1106 3723 1228 3790 quis
1280 3723 1306 3782 (
1344 3719 1520 3789 inquit
1555 3717 1732 3790 Justi-

293 3835 334 3859 ‚,
379 3795 572 3848 nianus
611 3789 974 3861 lib.4.tit.d=.·
1006 3791 1230 3847 Astion.
1269 3807 1480 3860 paragr.
1515 3795 1570 3844 Si
1606 3793 1730 3862 quis

291 3906 332 3931 „
374 3869 532 3929 ἃς.)
566 3883 730 3932 agens
767 3869 825 3916 in
853 3865 1171 3934 ‘intentione
1192 3857 1306 3929 fica
1335 3861 1466 3932 plus
1505 3859 1732 3931 comple-

291 3976 334 4002 „
373 3955 488 3993 xus
518 3933 730 4005 fuerit,
769 3953 939 4014 quam
976 3933 1054 3988 ad
1074 3951 1199 4009 eun?
1229 3935 1556 4010 pertineret,
1596 3949 1730 4009 casq-

283 4047 332 4074 ‚,
355 4005 431 4078 sa
470 4005 742 4068 cadebat,
779 4025 815 4061 1.
852 4023 900 4058 e.
938 4023 1058 4064 rem
1083 4001 1390 4060 amittebat:
1439 4021 1499 4059 ιη
1535 4019 1732 4072 proxi-

290 4119 330 4144 „
371 4097 464 4133 mo
505 4093 642 4132 vero
681 4072 1018 4148 paragrapho
1053 4072 1294 4134 ostendit
1331 4069 1732 4148 (fc.Justinia-

291 4190 330 4215 ‚‚
373 4169 474 4208 nus
507 4153 536 4214 )
577 4167 764 4206 vocem
802 4147 942 4203 hanc
979 4146 1099 4218 plus
1137 4143 1521 4220 quadrifariam
1562 4143 1732 4202 intel-

285 4261 325 4287 „
363 4221 502 4292 ligii
544 4239 602 4275 re
630 4261 646 4285 ‚
693 4235 944 4290 tempore
975 4257 992 4282 ,
1051 4217 1208 4296 loco,
1246 4221 1301 4272 ὅ(
1338 4213 1516 4295 eausa-2
1559 4235 1652 4281 re,
1693 4213 1734 4272 fi

283 4333 326 4360 ‚,
367 4293 488 4364 quis
529 4310 634 4362 pro
672 4291 856 4348 decem
897 4293 1088 4346 Aut-eis
1123 4305 1273 4362 petat
1315 4305 1558 4358 viginti,
1605 4305 1736 4358 qua-

288 4403 327 4429 ,‚
370 4365 424 4420 le
463 4360 722 4434 Hypseus
761 4363 857 4419 iste
897 4359 1093 4418 fecerat
1122 4381 1144 4424 ς
1201 4376 1448 4430 tempore
1473 4401 1491 4425 ,
1538 4355 1576 4412 fi
1617 4357 1738 4436 quis

287 4475 330 4500 „
367 4453 498 4490 ante
539 4433 685 4492 diem
724 4433 816 4491 vel
851 4431 1232 4490 conditionem
1265 4447 1414 4502 petat
1431 4451 1454 4494 ,ς
1492 4429 1635 4509 quod
1677 4447 1735 4485 in

287 4503 546 4579 sequenti
587 4507 762 4578 capite
799 4523 1099 4577 patronum
1127 4501 1396 4575 quendam
1431 4497 1614 4560 fecisse
1646 4499 1735 4556 di-

291 4578 367 4636 cit
407 4575 668 4635 Crassus,
715 4583 963 4633 Pearcius
985 4615 999 4631 .
1383 4587 1389 4594 ’

353 4655 394 4714 ,(
409 4659 474 4720 48
500 4655 532 4716 )
573 4647 930 4718 Postulabat,
964 4661 1032 4702 ut
1068 4645 1206 4711 illi)
1241 4647 1378 4704 Haec
1417 4643 1519 4702 fuit
1556 4639 1734 4702 causti.

287 4721 548 4781 Debebat
601 4718 814 4789 quidam
861 4717 1020 4774 alteri
1061 4735 1256 4775 certam
1305 4716 1550 4789 pecuniae
1589 4715 1734 4772 sum-

288 4812 474 4856 mam,
517 4788 867 4856 solvendam,
909 4789 1057 4846 verbi
1084 4791 1281 4860 gratia,
1320 4790 1546 4844 ineunte
1577 4805 1735 4843 men-

287 4861 350 4920 se
391 4859 698 4937 Januarim·
728 4859 898 4928 alter,
937 4859 1026 4918 seu
1076 4861 1284 4934 petitor
1323 4879 1436 4917 non
1490 4879 1554 4915 ex
1599 4861 1735 4916 εᾶπ-

292 4935 383 4992 vit
421 4933 490 4994 ad
534 4929 674 4989 illud
710 4949 951 5006 tempus,
985 4929 1076 4988 fed
1188 4931 1280 4988 tiit
1315 4949 1372 4988 ut
1414 4931 1510 4988 fibi
1573 4928 1733 4989 olve-

295 5025 484 5078 retur,
529 5003 684 5066 verbi
721 5005 884 5079 gratia
910 5047 928 5072 ,
964 5023 1087 5061 men
1122 5023 1148 5059 e
1186 5003 1479 5062 Decembri
1537 5001 1732 5060 ineun-

1835 3177 1922 3220 te,
1961 3162 2016 3212 δε
2049 3156 2313 3213 accusavit
2348 3154 2649 3213 debitorem
2684 3152 2831 3224 quod
2846 3152 3127 3226 pecuniam
3161 3175 3277 3212 non

1835 3225 2080 3282 solveret
2111 3265 2131 3279 .
2186 3224 2497 3282 Causidicus
2550 3224 2839 3300 imperitus
2866 3264 2883 3286 ,
2924 3224 3017 3294 qui
3056 3223 3279 3300 debito-

1841 3314 1954 3350 rem
2008 3293 2327 3350 defendebat
2361 3333 2377 3356 ,
2434 3311 2553 3348 cum
2592 3293 2746 3346 litem
2802 3290 3008 3346 inferre
3044 3293 3277 3359 petitori

1840 3364 2108 3419 debuilset
2162 3383 2231 3418 eo
2266 3361 2493 3416 nomine
2528 3401 2547 3424 ‚
2584 3359 2732 3429 quod
2769 3377 2897 3414 ante
2936 3378 3143 3430 tempus
3180 3380 3282 3430 pe-

1831 3450 1987 3500 ·teret
2039 3434 2323 3504 pecun³am
2358 3470 2375 3494 ,
2428 3435 2458 3496 (
2490 3447 2647 3486 erant
2684 3431 2833 3486 enim
2870 3448 3059 3500 graves
3094 3449 3278 3502 poenae

1839 3501 2030 3576 pofitae
2086 3503 2197 3560 illis
2230 3545 2245 3568 ,
2287 3501 2377 3573 qui
2416 3518 2540 3558 ante
2593 3519 2800 3572 tempus
2850 3497 3147 3580 paCtionis,
3188 3501 3281 3560 vel

1839 3570 2191 3644 obligationis
2226 3575 2379 3632 litem
2418 3571 2812 3634 intenderent)
2852 3569 2909 3627 id
2939 3571 3089 3628 enim
3124 3570 3162 3628 fi
3201 3571 3282 3629 fe-

1835 3645 1996 3703 cisset
2024 3686 2043 3711 ,
2097 3643 2242 3702 causa
2278 3639 2555 3701 cecidisset
2590 3642 2801 3714 petitor
2832 3662 2856 3706 ‚-
2882 3641 3003 3702 ¹⁴boc
3040 3641 3281 3714 postula,

1839 3716 1925 3774 vit
1945 3727 2195 3786 tanturn,
2228 3735 2286 3770 ut
2326 3713 2419 3770 sibi
2442 3713 2665 3779 liceret,
2706 3732 2765 3772 ae
2798 3711 3075 3778 debitori,
3113 3733 3280 3786 quem

1835 3784 2191 3852 defendebat,
2249 3786 2327 3842 uti
2367 3783 2631 3842 beneficio
2669 3783 2801 3866 legis
2834 3827 2853 3852 ‚
2905 3789 2963 3842 δε
2998 3785 3281 3858 exceptio-
3352 3854 3366 3866 ο

1832 3877 1905 3914 ne
1937 3899 1956 3924 ,
2011 3876 2126 3930 quae
2171 3856 2383 3914 vetabat
2418 3876 2490 3914 ne
2542 3875 2769 3928 pecunia
2822 3875 3101 3930 peteretur
3151 3876 3281 3916 ante

1840 3929 1992 3987 illam
2031 3930 2173 3986 diem
2206 3969 2225 3996 ,
2279 3947 2381 4001 qua
2419 3946 2597 4008 coepta
2650 3927 2786 3987 esset
2841 3928 3025 3985 deberi
3060 3967 3075 3984 .
3114 3929 3279 4010 Quod

1837 4019 1958 4082 cum
1995 3999 2293 4074 postulabat
2336 4041 2352 4065 ,
2407 4020 2521 4056 non
2560 3999 2741 4057 intelli
2782 3999 2901 4058 ebat
2938 3997 3108 4057 homo
3142 4004 3281 4070 juris

1821 4092 2055 4154 ignarus
2085 4115 2104 4140 ,
2155 4089 2523 4144 comparatum
2562 4070 2671 4129 hoc
2709 4089 2737 4126 e
2768 4091 2821 4129 se
2878 4071 2938 4128 in
2975 4071 3275 4130 utilitatem

1837 4141 2093 4218 petitoris
2125 4187 2142 4211 ‚
2195 4151 2253 4201 ὅ(
2291 4141 2607 4200 adversario
2643 4142 2738 4200 suo
2774 4139 3032 4216 prodesse
3070 4183 3085 4200 .
3124 4142 3279 4202 Hinc

1836 4216 1989 4273 enirn
2023 4215 2254 4281 factum,
2312 4232 2373 4273 ut
2410 4214 2620 4286 petitor
2649 4214 2829 4287 postea
2883 4214 3043 4272 litem
3082 4213 3148 4272 de
3185 4215 3279 4274 in·

1837 4306 1994 4357 tegro
2049 4285 2299 4344 intulerit
2332 4326 2349 4352 ,
2406 4304 2652 4365 tanqu-arn
2692 4285 2731 4342 fi
2768 4305 2826 4344 ea
2886 4307 2969 4344 res
3006 4305 3280 4360 nunquam

1838 4358 1900 4415 in
1935 4358 2197 4428 judicium
2252 4375 2405 4414 antea
2444 4355 2683 4414 venisset
2710 4377 2735 4422 ,-
2784 4375 2938 4428 quam
2995 4357 3148 4414 litem
3186 4357 3280 4416 in-

1839 4427 1980 4486 ferre
2019 4451 2132 4486 non
2173 4425 2473 4502 potuisset,
2514 4425 2553 4484 ss
2578 4427 2882 4496 inficiator,
2922 4427 3027 4486 hoc
3064 4429 3141 4486 est
3177 4427 3276 4486 de-

1839 4500 1983 4558 bitor
2019 4499 2292 4572 probasset
2330 4497 2499 4580 judici
2534 4541 2551 4564 ,
2606 4519 2733 4558 ante
2770 4501 2994 4572 petitam
3030 4496 3141 4558 esse
3169 4519 3277 4580 pe-

1837 4573 2045 4630 cuniam
2077 4615 2091 4637 ,
2127 4591 2280 4644 quain
2318 4571 2499 4628 deberi
2520 4570 2809 4644 coepisset.
2844 4573 3057 4631 Petitor
3090 4589 3279 4636 enim,

1837 4662 1958 4702 cum
1995 4645 2178 4717 postea
2214 4644 2499 4716 pecuniam
2540 4641 2681 4701 suam
2706 4662 2921 4718 peteret
2953 4663 2979 4700 a
3022 4642 3093 4700 ud
3128 4639 3278 4720 judi-

1836 4735 1954 4774 cem
1985 4759 2002 4783 ,
2052 4715 2295 4772 exclusus
2349 4713 2531 4771 suisset
2568 4715 2683 4786 lege
2716 4759 2733 4784 ,
2786 4715 2890 4772 hoc
2927 4664 3277 4789 elfimpedi-

1840 4805 1920 4844 tus
1959 4807 2028 4844 ne
2066 4805 2244 4858 ageret
2284 4829 2301 4854 ,
2351 4805 2407 4844 ac
2447 4805 2694 4845 moveret
2732 4787 2934 4844 litem:
2994 4784 3081 4864 lex
3121 4799 3276 4838 enim

1836 4857 2076 4932 excipit,
2117 4858 2223 4915 hoc
2260 4859 2335 4916 est
2358 4857 2649 4928 prohibet,
2692 4878 2760 4917 ne
2798 4870 3184 4927 agaturiteruni
3214 4871 3274 4909 ea

1837 4929 1908 4986 de
1943 4951 2040 4996 re,
2077 4949 2191 5001 quae
2226 4933 2330 4997 jam
2370 4931 2426 4986 in
2463 4931 2723 4998 judicium
2780 4927 2939 4986 venit
2966 4967 2985 4992 ,
3024 4921 3115 4980 seu
3150 4941 3272 4997 qua:

1833 5005 1940 5072 jam
1979 4999 2269 5072 dijudicata
2309 5001 2419 5058 est.
2456 5001 2631 5071 Prust.
