<?xml version="1.0" encoding="UTF-8"?>
<!DOCTYPE html PUBLIC "-//W3C//DTD XHTML 1.0 Transitional//EN"
    "http://www.w3.org/TR/xhtml1/DTD/xhtml1-transitional.dtd">
<html xmlns="http://www.w3.org/1999/xhtml" xml:lang="en" lang="en">
 <head>
  <title>
</title>
<meta http-equiv="Content-Type" content="text/html;charset=utf-8" />
  <meta name='ocr-system' content='tesseract 3.04.00' />
  <meta name='ocr-capabilities' content='ocr_page ocr_carea ocr_par ocr_line ocrx_word'/>
</head>
<body>
  <div class='ocr_page' id='page_1' title='image "./operacumdelectu00dgoog_0154.png"; bbox 0 0 4359 6321; ppageno 0'>
   <div class='ocr_carea' id='block_1_1' title="bbox 1177 419 3221 561">
    <p class='ocr_par' dir='ltr' id='par_1_1' title="bbox 1177 419 3221 561">
     <span class='ocr_line' id='line_1_1' title="bbox 1177 419 3221 561; baseline -0.01 -31"><span class='ocrx_word' id='word_1_1' title='bbox 1177 437 1359 561; x_wconf 84' lang='lat' dir='ltr'>13i</span> <span class='ocrx_word' id='word_1_2' title='bbox 1918 428 2149 516; x_wconf 88' lang='lat' dir='ltr'>DE</span> <span class='ocrx_word' id='word_1_3' title='bbox 2272 419 3221 516; x_wconf 82' lang='lat' dir='ltr'><em>ORATORE</em></span> 
     </span>
    </p>
   </div>
   <div class='ocr_carea' id='block_1_2' title="bbox 1047 533 4042 2047">
    <p class='ocr_par' dir='ltr' id='par_1_2' title="bbox 1049 533 4035 943">
     <span class='ocr_line' id='line_1_2' title="bbox 1051 533 4027 639; baseline -0.005 -17"><span class='ocrx_word' id='word_1_4' title='bbox 1051 568 1258 623; x_wconf 90' lang='lat' dir='ltr'>artem</span> <span class='ocrx_word' id='word_1_5' title='bbox 1311 548 1517 639; x_wconf 83' lang='lat' dir='ltr'>redigi</span> <span class='ocrx_word' id='word_1_6' title='bbox 1569 546 1749 637; x_wconf 84' lang='lat' dir='ltr'>poffit</span> <span class='ocrx_word' id='word_1_7' title='bbox 1791 598 1811 632; x_wconf 91' lang='lat'>,</span> <span class='ocrx_word' id='word_1_8' title='bbox 1863 546 1983 614; x_wconf 73' lang='lat' dir='ltr'>nist</span> <span class='ocrx_word' id='word_1_9' title='bbox 2037 547 2147 613; x_wconf 92' lang='lat' dir='ltr'>ille</span> <span class='ocrx_word' id='word_1_10' title='bbox 2200 544 2379 630; x_wconf 88' lang='lat' dir='ltr'>prius</span> <span class='ocrx_word' id='word_1_11' title='bbox 2414 595 2433 628; x_wconf 85' lang='lat'>‚</span> <span class='ocrx_word' id='word_1_12' title='bbox 2489 539 2765 630; x_wconf 70' lang='lat' dir='ltr'>quiilla</span> <span class='ocrx_word' id='word_1_13' title='bbox 2820 554 3031 623; x_wconf 88' lang='lat' dir='ltr'>tenet,</span> <span class='ocrx_word' id='word_1_14' title='bbox 3096 556 3383 626; x_wconf 86' lang='lat' dir='ltr'>quorum</span> <span class='ocrx_word' id='word_1_15' title='bbox 3430 546 3641 602; x_wconf 83' lang='lat' dir='ltr'>artem</span> <span class='ocrx_word' id='word_1_16' title='bbox 3692 533 4027 607; x_wconf 76' lang='lat' dir='ltr'>instituere</span> 
     </span>
     <span class='ocr_line' id='line_1_3' title="bbox 1049 636 4035 736; baseline -0.005 -15"><span class='ocrx_word' id='word_1_17' title='bbox 1049 658 1194 721; x_wconf 87' lang='lat' dir='ltr'>vult</span> <span class='ocrx_word' id='word_1_18' title='bbox 1240 703 1260 736; x_wconf 90' lang='lat'>,</span> <span class='ocrx_word' id='word_1_19' title='bbox 1327 650 1564 717; x_wconf 80' lang='lat' dir='ltr'>habeat</span> <span class='ocrx_word' id='word_1_20' title='bbox 1619 648 1812 715; x_wconf 86' lang='lat' dir='ltr'>illam</span> <span class='ocrx_word' id='word_1_21' title='bbox 1871 646 2207 714; x_wconf 85' lang='lat' dir='ltr'>scientiam</span> <span class='ocrx_word' id='word_1_22' title='bbox 2248 696 2269 729; x_wconf 93' lang='lat'>,</span> <span class='ocrx_word' id='word_1_23' title='bbox 2337 658 2414 709; x_wconf 90' lang='lat' dir='ltr'>ut</span> <span class='ocrx_word' id='word_1_24' title='bbox 2462 662 2546 708; x_wconf 84' lang='lat' dir='ltr'>ex</span> <span class='ocrx_word' id='word_1_25' title='bbox 2602 641 2679 707; x_wconf 80' lang='lat' dir='ltr'>iis</span> <span class='ocrx_word' id='word_1_26' title='bbox 2732 639 2918 708; x_wconf 85' lang='lat' dir='ltr'>rebus</span> <span class='ocrx_word' id='word_1_27' title='bbox 2959 690 2980 725; x_wconf 91' lang='lat'>,</span> <span class='ocrx_word' id='word_1_28' title='bbox 3046 658 3331 725; x_wconf 88' lang='lat' dir='ltr'>quarum</span> <span class='ocrx_word' id='word_1_29' title='bbox 3402 656 3511 702; x_wconf 88' lang='lat' dir='ltr'>ars</span> <span class='ocrx_word' id='word_1_30' title='bbox 3560 636 3859 704; x_wconf 89' lang='lat' dir='ltr'>nondum</span> <span class='ocrx_word' id='word_1_31' title='bbox 3915 639 4035 725; x_wconf 86' lang='lat' dir='ltr'>fit,</span> 
     </span>
     <span class='ocr_line' id='line_1_4' title="bbox 1049 737 4034 839; baseline -0.005 -20"><span class='ocrx_word' id='word_1_32' title='bbox 1049 770 1262 819; x_wconf 81' lang='lat' dir='ltr'>artem</span> <span class='ocrx_word' id='word_1_33' title='bbox 1317 750 1576 819; x_wconf 84' lang='lat' dir='ltr'>efficere</span> <span class='ocrx_word' id='word_1_34' title='bbox 1629 751 1805 839; x_wconf 83' lang='lat' dir='ltr'>poffit</span> <span class='ocrx_word' id='word_1_35' title='bbox 1847 795 1861 813; x_wconf 92' lang='lat'><strong>.</strong></span> <span class='ocrx_word' id='word_1_36' title='bbox 1919 752 2066 813; x_wconf 90' lang='lat' dir='ltr'>Hoc</span> <span class='ocrx_word' id='word_1_37' title='bbox 2113 742 2317 813; x_wconf 89' lang='lat' dir='ltr'>video</span> <span class='ocrx_word' id='word_1_38' title='bbox 2362 798 2383 829; x_wconf 94' lang='lat'>,</span> <span class='ocrx_word' id='word_1_39' title='bbox 2430 745 2594 809; x_wconf 90' lang='lat' dir='ltr'>dum</span> <span class='ocrx_word' id='word_1_40' title='bbox 2646 738 2928 808; x_wconf 84' lang='lat' dir='ltr'>breviter</span> <span class='ocrx_word' id='word_1_41' title='bbox 2982 739 3305 805; x_wconf 87' lang='lat' dir='ltr'>voluerim</span> <span class='ocrx_word' id='word_1_42' title='bbox 3354 738 3576 804; x_wconf 86' lang='lat' dir='ltr'>dicere</span> <span class='ocrx_word' id='word_1_43' title='bbox 3620 789 3639 820; x_wconf 90' lang='lat'>,</span> <span class='ocrx_word' id='word_1_44' title='bbox 3685 737 3939 806; x_wconf 63' lang='lat' dir='ltr'>dictum</span> <span class='ocrx_word' id='word_1_45' title='bbox 3991 759 4034 803; x_wconf 79' lang='lat' dir='ltr'>a</span> 
     </span>
     <span class='ocr_line' id='line_1_5' title="bbox 1049 838 3803 943; baseline -0.005 -24"><span class='ocrx_word' id='word_1_46' title='bbox 1049 874 1157 921; x_wconf 86' lang='lat' dir='ltr'>me</span> <span class='ocrx_word' id='word_1_47' title='bbox 1216 851 1356 919; x_wconf 89' lang='lat' dir='ltr'>esse</span> <span class='ocrx_word' id='word_1_48' title='bbox 1411 853 1614 943; x_wconf 83' lang='lat' dir='ltr'>paulo</span> <span class='ocrx_word' id='word_1_49' title='bbox 1663 850 2038 919; x_wconf 80' lang='lat' dir='ltr'>obscurius=</span> <span class='ocrx_word' id='word_1_50' title='bbox 2094 844 2204 913; x_wconf 89' lang='lat' dir='ltr'>sed</span> <span class='ocrx_word' id='word_1_51' title='bbox 2254 846 2589 935; x_wconf 79' lang='lat' dir='ltr'>experiar,</span> <span class='ocrx_word' id='word_1_52' title='bbox 2645 844 2713 911; x_wconf 89' lang='lat'>&amp;</span> <span class='ocrx_word' id='word_1_53' title='bbox 2770 842 3031 925; x_wconf 84' lang='lat' dir='ltr'>dicam,</span> <span class='ocrx_word' id='word_1_54' title='bbox 3086 838 3132 903; x_wconf 84' lang='lat' dir='ltr'><strong>fi</strong></span> <span class='ocrx_word' id='word_1_55' title='bbox 3184 856 3450 929; x_wconf 86' lang='lat' dir='ltr'>potero,</span> <span class='ocrx_word' id='word_1_56' title='bbox 3503 838 3803 925; x_wconf 87' lang='lat' dir='ltr'>planius.</span> 
     </span>
    </p>

    <p class='ocr_par' dir='ltr' id='par_1_3' title="bbox 1047 936 4042 1949">
     <span class='ocr_line' id='line_1_6' title="bbox 1159 936 4031 1038; baseline -0.008 -17"><span class='ocrx_word' id='word_1_57' title='bbox 1159 958 1378 1021; x_wconf 87' lang='lat' dir='ltr'><strong>XLII.</strong></span> <span class='ocrx_word' id='word_1_58' title='bbox 1431 955 1676 1020; x_wconf 84' lang='lat' dir='ltr'>Omnia</span> <span class='ocrx_word' id='word_1_59' title='bbox 1733 953 1868 1019; x_wconf 90' lang='lat' dir='ltr'>fere</span> <span class='ocrx_word' id='word_1_60' title='bbox 1909 1005 1929 1037; x_wconf 92' lang='lat'>,</span> <span class='ocrx_word' id='word_1_61' title='bbox 1993 970 2136 1038; x_wconf 80' lang='lat' dir='ltr'>quae</span> <span class='ocrx_word' id='word_1_62' title='bbox 2194 947 2343 1013; x_wconf 84' lang='lat' dir='ltr'>sunt</span> <span class='ocrx_word' id='word_1_63' title='bbox 2396 942 2709 1013; x_wconf 87' lang='lat' dir='ltr'>conclusa</span> <span class='ocrx_word' id='word_1_64' title='bbox 2762 964 2940 1011; x_wconf 90' lang='lat' dir='ltr'>nunc</span> <span class='ocrx_word' id='word_1_65' title='bbox 2992 938 3233 1007; x_wconf 89' lang='lat' dir='ltr'>artibus</span> <span class='ocrx_word' id='word_1_66' title='bbox 3278 993 3299 1026; x_wconf 94' lang='lat'>,</span> <span class='ocrx_word' id='word_1_67' title='bbox 3364 936 3642 1027; x_wconf 87' lang='lat' dir='ltr'>dispersa</span> <span class='ocrx_word' id='word_1_68' title='bbox 3716 943 3787 1010; x_wconf 89' lang='lat'>&amp;</span> <span class='ocrx_word' id='word_1_69' title='bbox 3860 940 4031 1007; x_wconf 74' lang='lat' dir='ltr'>diffi-</span> 
     </span>
     <span class='ocr_line' id='line_1_7' title="bbox 1059 1041 4029 1145; baseline -0.005 -22"><span class='ocrx_word' id='word_1_70' title='bbox 1059 1074 1210 1145; x_wconf 85' lang='lat' dir='ltr'>pata</span> <span class='ocrx_word' id='word_1_71' title='bbox 1265 1055 1601 1145; x_wconf 83' lang='lat' dir='ltr'>quondam</span> <span class='ocrx_word' id='word_1_72' title='bbox 1651 1052 1981 1137; x_wconf 82' lang='lat' dir='ltr'>fuerunt3</span> <span class='ocrx_word' id='word_1_73' title='bbox 2048 1064 2124 1117; x_wconf 87' lang='lat' dir='ltr'>ut</span> <span class='ocrx_word' id='word_1_74' title='bbox 2177 1048 2245 1116; x_wconf 84' lang='lat' dir='ltr'>in</span> <span class='ocrx_word' id='word_1_75' title='bbox 2300 1046 2562 1115; x_wconf 74' lang='lat' dir='ltr'>musicis</span> <span class='ocrx_word' id='word_1_76' title='bbox 2605 1096 2625 1129; x_wconf 85' lang='lat'>,</span> <span class='ocrx_word' id='word_1_77' title='bbox 2678 1043 3000 1125; x_wconf 84' lang='lat' dir='ltr'>numeri,</span> <span class='ocrx_word' id='word_1_78' title='bbox 3052 1041 3121 1109; x_wconf 89' lang='lat'>&amp;</span> <span class='ocrx_word' id='word_1_79' title='bbox 3182 1060 3377 1108; x_wconf 87' lang='lat' dir='ltr'>voces</span> <span class='ocrx_word' id='word_1_80' title='bbox 3412 1090 3433 1125; x_wconf 85' lang='lat'>,</span> <span class='ocrx_word' id='word_1_81' title='bbox 3505 1043 3576 1110; x_wconf 72' lang='grc' dir='ltr'>ὃ(</span> <span class='ocrx_word' id='word_1_82' title='bbox 3637 1042 3815 1108; x_wconf 88' lang='lat' dir='ltr'>modi</span> <span class='ocrx_word' id='word_1_83' title='bbox 3870 1094 3890 1127; x_wconf 92' lang='lat'>,</span> <span class='ocrx_word' id='word_1_84' title='bbox 3956 1044 4029 1109; x_wconf 80' lang='lat' dir='ltr'>in</span> 
     </span>
     <span class='ocr_line' id='line_1_8' title="bbox 1058 1140 4035 1247; baseline -0.005 -23"><span class='ocrx_word' id='word_1_85' title='bbox 1058 1146 1490 1247; x_wconf 85' lang='lat' dir='ltr'>geometria,</span> <span class='ocrx_word' id='word_1_86' title='bbox 1538 1153 1944 1219; x_wconf 83' lang='lat' dir='ltr'>lineamenta</span> <span class='ocrx_word' id='word_1_87' title='bbox 1988 1204 2008 1236; x_wconf 89' lang='lat'>‚</span> <span class='ocrx_word' id='word_1_88' title='bbox 2061 1150 2285 1217; x_wconf 77' lang='lat' dir='ltr'>lormae</span> <span class='ocrx_word' id='word_1_89' title='bbox 2333 1202 2352 1233; x_wconf 92' lang='lat'>,</span> <span class='ocrx_word' id='word_1_90' title='bbox 2421 1146 2777 1214; x_wconf 84' lang='lat' dir='ltr'>intervalla</span> <span class='ocrx_word' id='word_1_91' title='bbox 2817 1199 2838 1230; x_wconf 94' lang='lat'>,</span> <span class='ocrx_word' id='word_1_92' title='bbox 2888 1140 3378 1229; x_wconf 72' lang='lat' dir='ltr'>magnitudines</span> <span class='ocrx_word' id='word_1_93' title='bbox 3410 1164 3433 1202; x_wconf 84' lang='grc'>.-</span> <span class='ocrx_word' id='word_1_94' title='bbox 3492 1142 3557 1207; x_wconf 89' lang='lat' dir='ltr'>in</span> <span class='ocrx_word' id='word_1_95' title='bbox 3618 1142 3966 1233; x_wconf 82' lang='lat' dir='ltr'>astrologia</span> <span class='ocrx_word' id='word_1_96' title='bbox 4004 1193 4035 1227; x_wconf 87' lang='lat'>,</span> 
     </span>
     <span class='ocr_line' id='line_1_9' title="bbox 1053 1238 4034 1338; baseline -0.005 -15"><span class='ocrx_word' id='word_1_97' title='bbox 1053 1256 1197 1323; x_wconf 82' lang='lat' dir='ltr'>caeli</span> <span class='ocrx_word' id='word_1_98' title='bbox 1245 1252 1623 1336; x_wconf 83' lang='lat' dir='ltr'>convers10,</span> <span class='ocrx_word' id='word_1_99' title='bbox 1673 1238 1900 1338; x_wconf 58' lang='lat' dir='ltr'>ort’us,</span> <span class='ocrx_word' id='word_1_100' title='bbox 1951 1249 2209 1337; x_wconf 75' lang='lat' dir='ltr'>obituS,</span> <span class='ocrx_word' id='word_1_101' title='bbox 2264 1245 2613 1337; x_wconf 88' lang='lat' dir='ltr'>motusque</span> <span class='ocrx_word' id='word_1_102' title='bbox 2666 1244 2995 1313; x_wconf 76' lang='lat' dir='ltr'>siderum:</span> <span class='ocrx_word' id='word_1_103' title='bbox 3048 1246 3113 1309; x_wconf 90' lang='lat' dir='ltr'>in</span> <span class='ocrx_word' id='word_1_104' title='bbox 3138 1242 3634 1331; x_wconf 78' lang='lat' dir='ltr'>grammaticiS,</span> <span class='ocrx_word' id='word_1_105' title='bbox 3688 1260 4034 1334; x_wconf 80' lang='lat' dir='ltr'>poetarum.</span> 
     </span>
     <span class='ocr_line' id='line_1_10' title="bbox 1049 1343 4035 1445; baseline -0.004 -23"><span class='ocrx_word' id='word_1_106' title='bbox 1049 1352 1515 1445; x_wconf 62' lang='lat' dir='ltr'>pertractatio,</span> <span class='ocrx_word' id='word_1_107' title='bbox 1564 1344 1978 1422; x_wconf 82' lang='lat' dir='ltr'>historiarum</span> <span class='ocrx_word' id='word_1_108' title='bbox 2029 1354 2327 1441; x_wconf 83' lang='lat' dir='ltr'>cognitio</span> <span class='ocrx_word' id='word_1_109' title='bbox 2370 1406 2392 1438; x_wconf 87' lang='lat'>,</span> <span class='ocrx_word' id='word_1_110' title='bbox 2444 1347 2793 1415; x_wconf 87' lang='lat' dir='ltr'>verborum</span> <span class='ocrx_word' id='word_1_111' title='bbox 2846 1343 3327 1431; x_wconf 83' lang='lat' dir='ltr'>interpretatiO,</span> <span class='ocrx_word' id='word_1_112' title='bbox 3378 1345 3835 1430; x_wconf 86' lang='lat' dir='ltr'>pronuntiandi</span> <span class='ocrx_word' id='word_1_113' title='bbox 3884 1344 4035 1433; x_wconf 89' lang='lat' dir='ltr'>qui-</span> 
     </span>
     <span class='ocr_line' id='line_1_11' title="bbox 1049 1444 4035 1543; baseline -0.005 -20"><span class='ocrx_word' id='word_1_114' title='bbox 1049 1457 1206 1523; x_wconf 87' lang='lat' dir='ltr'>dam</span> <span class='ocrx_word' id='word_1_115' title='bbox 1261 1452 1464 1522; x_wconf 79' lang='lat' dir='ltr'>sonus</span> <span class='ocrx_word' id='word_1_116' title='bbox 1505 1504 1521 1521; x_wconf 93' lang='lat'><strong><em>.</em></strong></span> <span class='ocrx_word' id='word_1_117' title='bbox 1589 1456 1673 1521; x_wconf 86' lang='lat' dir='ltr'>In</span> <span class='ocrx_word' id='word_1_118' title='bbox 1728 1456 1851 1522; x_wconf 86' lang='lat' dir='ltr'>hac</span> <span class='ocrx_word' id='word_1_119' title='bbox 1910 1454 2193 1542; x_wconf 83' lang='lat' dir='ltr'>denique</span> <span class='ocrx_word' id='word_1_120' title='bbox 2245 1452 2383 1543; x_wconf 87' lang='lat' dir='ltr'>ipsa</span> <span class='ocrx_word' id='word_1_121' title='bbox 2433 1452 2684 1519; x_wconf 85' lang='lat' dir='ltr'>ratione</span> <span class='ocrx_word' id='word_1_122' title='bbox 2734 1446 2985 1514; x_wconf 89' lang='lat' dir='ltr'>dicendi</span> <span class='ocrx_word' id='word_1_123' title='bbox 3030 1498 3050 1530; x_wconf 90' lang='lat'>,</span> <span class='ocrx_word' id='word_1_124' title='bbox 3098 1446 3479 1531; x_wconf 63' lang='lat' dir='ltr'>extngitare</span> <span class='ocrx_word' id='word_1_125' title='bbox 3518 1496 3539 1527; x_wconf 88' lang='lat'>,</span> <span class='ocrx_word' id='word_1_126' title='bbox 3590 1464 3827 1510; x_wconf 87' lang='lat' dir='ltr'>ornare</span> <span class='ocrx_word' id='word_1_127' title='bbox 3866 1497 3886 1530; x_wconf 94' lang='lat'>,</span> <span class='ocrx_word' id='word_1_128' title='bbox 3936 1444 4035 1509; x_wconf 88' lang='lat' dir='ltr'>di-</span> 
     </span>
     <span class='ocr_line' id='line_1_12' title="bbox 1047 1540 4031 1647; baseline -0.004 -24"><span class='ocrx_word' id='word_1_129' title='bbox 1047 1556 1322 1645; x_wconf 83' lang='lat' dir='ltr'>sponere</span> <span class='ocrx_word' id='word_1_130' title='bbox 1361 1609 1383 1641; x_wconf 87' lang='lat'>‚</span> <span class='ocrx_word' id='word_1_131' title='bbox 1434 1555 1806 1625; x_wconf 86' lang='lat' dir='ltr'>meminisse</span> <span class='ocrx_word' id='word_1_132' title='bbox 1846 1606 1866 1640; x_wconf 91' lang='lat'>‚</span> <span class='ocrx_word' id='word_1_133' title='bbox 1921 1575 2114 1645; x_wconf 86' lang='lat' dir='ltr'>agere</span> <span class='ocrx_word' id='word_1_134' title='bbox 2153 1583 2178 1643; x_wconf 85' lang='lat'>,-</span> <span class='ocrx_word' id='word_1_135' title='bbox 2256 1558 2480 1647; x_wconf 87' lang='lat' dir='ltr'>ignota</span> <span class='ocrx_word' id='word_1_136' title='bbox 2532 1547 2865 1641; x_wconf 88' lang='lat' dir='ltr'>quondam</span> <span class='ocrx_word' id='word_1_137' title='bbox 2916 1544 3223 1613; x_wconf 84' lang='lat' dir='ltr'>omnibus</span> <span class='ocrx_word' id='word_1_138' title='bbox 3276 1598 3296 1631; x_wconf 91' lang='lat'>,</span> <span class='ocrx_word' id='word_1_139' title='bbox 3350 1546 3420 1613; x_wconf 78' lang='grc' dir='ltr'>δτ-</span> <span class='ocrx_word' id='word_1_140' title='bbox 3476 1540 3709 1611; x_wconf 88' lang='lat' dir='ltr'>diffusa</span> <span class='ocrx_word' id='word_1_141' title='bbox 3758 1544 3886 1613; x_wconf 89' lang='lat' dir='ltr'>late</span> <span class='ocrx_word' id='word_1_142' title='bbox 3936 1545 4031 1611; x_wconf 90' lang='lat' dir='ltr'>vi-</span> 
     </span>
     <span class='ocr_line' id='line_1_13' title="bbox 1047 1646 4037 1745; baseline -0.003 -22"><span class='ocrx_word' id='word_1_143' title='bbox 1047 1655 1374 1725; x_wconf 86' lang='lat' dir='ltr'>debantur</span> <span class='ocrx_word' id='word_1_144' title='bbox 1419 1704 1436 1722; x_wconf 90' lang='lat'><strong>.</strong></span> <span class='ocrx_word' id='word_1_145' title='bbox 1507 1656 1824 1723; x_wconf 83' lang='lat' dir='ltr'>Adhibita</span> <span class='ocrx_word' id='word_1_146' title='bbox 1877 1656 1968 1723; x_wconf 87' lang='lat' dir='ltr'>est</span> <span class='ocrx_word' id='word_1_147' title='bbox 2023 1658 2229 1745; x_wconf 85' lang='lat' dir='ltr'>igitur</span> <span class='ocrx_word' id='word_1_148' title='bbox 2286 1679 2390 1723; x_wconf 85' lang='lat' dir='ltr'>ars</span> <span class='ocrx_word' id='word_1_149' title='bbox 2438 1654 2735 1745; x_wconf 84' lang='lat' dir='ltr'>quaedam</span> <span class='ocrx_word' id='word_1_150' title='bbox 2786 1647 3195 1719; x_wconf 84' lang='lat' dir='ltr'>extrinsecus</span> <span class='ocrx_word' id='word_1_151' title='bbox 3244 1668 3331 1714; x_wconf 85' lang='lat' dir='ltr'>ex</span> <span class='ocrx_word' id='word_1_152' title='bbox 3386 1646 3521 1713; x_wconf 88' lang='lat' dir='ltr'>alio</span> <span class='ocrx_word' id='word_1_153' title='bbox 3575 1666 3812 1735; x_wconf 88' lang='lat' dir='ltr'>genere</span> <span class='ocrx_word' id='word_1_154' title='bbox 3860 1666 4037 1735; x_wconf 82' lang='lat' dir='ltr'>quo-</span> 
     </span>
     <span class='ocr_line' id='line_1_14' title="bbox 1050 1745 4042 1849; baseline -0.005 -24"><span class='ocrx_word' id='word_1_155' title='bbox 1050 1760 1204 1829; x_wconf 85' lang='lat' dir='ltr'>dam</span> <span class='ocrx_word' id='word_1_156' title='bbox 1253 1812 1273 1845; x_wconf 88' lang='lat'>‚</span> <span class='ocrx_word' id='word_1_157' title='bbox 1346 1757 1523 1847; x_wconf 78' lang='lat' dir='ltr'>quod</span> <span class='ocrx_word' id='word_1_158' title='bbox 1575 1755 1686 1823; x_wconf 82' lang='lat' dir='ltr'>fibi</span> <span class='ocrx_word' id='word_1_159' title='bbox 1741 1772 1959 1825; x_wconf 81' lang='lat' dir='ltr'>totum</span> <span class='ocrx_word' id='word_1_160' title='bbox 2013 1758 2377 1849; x_wconf 85' lang='lat' dir='ltr'>philosophi</span> <span class='ocrx_word' id='word_1_161' title='bbox 2432 1754 2835 1838; x_wconf 83' lang='lat' dir='ltr'>assumunt,</span> <span class='ocrx_word' id='word_1_162' title='bbox 2903 1752 3042 1841; x_wconf 81' lang='lat' dir='ltr'>quae.</span> <span class='ocrx_word' id='word_1_163' title='bbox 3117 1770 3263 1817; x_wconf 88' lang='lat' dir='ltr'>rem</span> <span class='ocrx_word' id='word_1_164' title='bbox 3330 1745 3717 1816; x_wconf 81' lang='lat' dir='ltr'>dissolutam</span> <span class='ocrx_word' id='word_1_165' title='bbox 3800 1746 4042 1814; x_wconf 76' lang='lat' dir='ltr'>divul-</span> 
     </span>
     <span class='ocr_line' id='line_1_15' title="bbox 1047 1852 3255 1949; baseline -0.004 -25"><span class='ocrx_word' id='word_1_166' title='bbox 1047 1858 1322 1948; x_wconf 84' lang='lat' dir='ltr'>samque</span> <span class='ocrx_word' id='word_1_167' title='bbox 1379 1859 1918 1947; x_wconf 80' lang='lat' dir='ltr'>conglutinaret,</span> <span class='ocrx_word' id='word_1_168' title='bbox 1973 1862 2042 1928; x_wconf 86' lang='lat'>&amp;</span> <span class='ocrx_word' id='word_1_169' title='bbox 2103 1862 2353 1927; x_wconf 85' lang='lat' dir='ltr'>ratione</span> <span class='ocrx_word' id='word_1_170' title='bbox 2403 1855 2699 1949; x_wconf 86' lang='lat' dir='ltr'>quadam</span> <span class='ocrx_word' id='word_1_171' title='bbox 2748 1852 3255 1941; x_wconf 87' lang='lat' dir='ltr'>constringeret.</span> 
     </span>
    </p>

    <p class='ocr_par' dir='ltr' id='par_1_4' title="bbox 1161 1948 4028 2047">
     <span class='ocr_line' id='line_1_16' title="bbox 1161 1948 4028 2047; baseline -0.003 -22"><span class='ocrx_word' id='word_1_172' title='bbox 1161 1961 1255 2025; x_wconf 88' lang='lat' dir='ltr'>Sit</span> <span class='ocrx_word' id='word_1_173' title='bbox 1305 1978 1476 2046; x_wconf 86' lang='lat' dir='ltr'>ergo</span> <span class='ocrx_word' id='word_1_174' title='bbox 1525 1962 1593 2025; x_wconf 88' lang='lat' dir='ltr'>in</span> <span class='ocrx_word' id='word_1_175' title='bbox 1650 1960 1796 2036; x_wconf 77' lang='lat' dir='ltr'>iure</span> <span class='ocrx_word' id='word_1_176' title='bbox 1847 1961 2028 2027; x_wconf 88' lang='lat' dir='ltr'>civili</span> <span class='ocrx_word' id='word_1_177' title='bbox 2081 1960 2234 2028; x_wconf 85' lang='lat' dir='ltr'>finis</span> <span class='ocrx_word' id='word_1_178' title='bbox 2288 1962 2441 2045; x_wconf 86' lang='lat' dir='ltr'>hic,</span> <span class='ocrx_word' id='word_1_179' title='bbox 2492 1958 2803 2047; x_wconf 69' lang='lat' dir='ltr'>legitimae</span> <span class='ocrx_word' id='word_1_180' title='bbox 2876 1972 3069 2042; x_wconf 86' lang='lat' dir='ltr'>atque</span> <span class='ocrx_word' id='word_1_181' title='bbox 3138 1953 3379 2020; x_wconf 80' lang='lat' dir='ltr'>ufitatae</span> <span class='ocrx_word' id='word_1_182' title='bbox 3430 1955 3501 2020; x_wconf 89' lang='lat' dir='ltr'>in</span> <span class='ocrx_word' id='word_1_183' title='bbox 3552 1948 3741 2021; x_wconf 86' lang='lat' dir='ltr'>rebus</span> <span class='ocrx_word' id='word_1_184' title='bbox 3792 1948 4028 2018; x_wconf 84' lang='lat' dir='ltr'>causis-</span> 
     </span>
    </p>
   </div>
   <div class='ocr_carea' id='block_1_3' title="bbox 1047 2050 4061 2150">
    <p class='ocr_par' dir='ltr' id='par_1_5' title="bbox 1047 2050 4061 2150">
     <span class='ocr_line' id='line_1_17' title="bbox 1047 2050 4061 2150; baseline -0.004 -22"><span class='ocrx_word' id='word_1_185' title='bbox 1047 2078 1177 2150; x_wconf 83' lang='lat' dir='ltr'>que</span> <span class='ocrx_word' id='word_1_186' title='bbox 1233 2058 1533 2144; x_wconf 82' lang='lat' dir='ltr'>civium,</span> <span class='ocrx_word' id='word_1_187' title='bbox 1589 2063 1704 2147; x_wconf 73' lang='lat'>(⁴²)</span> <span class='ocrx_word' id='word_1_188' title='bbox 1752 2060 2211 2147; x_wconf 82' lang='lat' dir='ltr'>aequabilitatis</span> <span class='ocrx_word' id='word_1_189' title='bbox 2260 2060 2709 2128; x_wconf 74' lang='lat' dir='ltr'>conservatio.</span> <span class='ocrx_word' id='word_1_190' title='bbox 2764 2060 2949 2125; x_wconf 91' lang='lat' dir='ltr'>Tum</span> <span class='ocrx_word' id='word_1_191' title='bbox 3010 2052 3155 2123; x_wconf 87' lang='lat' dir='ltr'>sunt</span> <span class='ocrx_word' id='word_1_192' title='bbox 3206 2052 3498 2120; x_wconf 84' lang='lat' dir='ltr'>notanda</span> <span class='ocrx_word' id='word_1_193' title='bbox 3547 2072 3787 2143; x_wconf 86' lang='lat' dir='ltr'>genera</span> <span class='ocrx_word' id='word_1_194' title='bbox 3842 2056 3967 2138; x_wconf 85' lang='lat'>(78</span> <span class='ocrx_word' id='word_1_195' title='bbox 3978 2050 4061 2138; x_wconf 76' lang='lat'>),&#39;</span> 
     </span>
    </p>
   </div>
   <div class='ocr_carea' id='block_1_4' title="bbox 963 2152 4045 3859">
    <p class='ocr_par' dir='ltr' id='par_1_6' title="bbox 963 2152 4043 2850">
     <span class='ocr_line' id='line_1_18' title="bbox 1052 2152 4034 2252; baseline -0.004 -21"><span class='ocrx_word' id='word_1_196' title='bbox 1052 2164 1126 2231; x_wconf 73' lang='grc' dir='ltr'>δε</span> <span class='ocrx_word' id='word_1_197' title='bbox 1205 2158 1289 2227; x_wconf 87' lang='lat' dir='ltr'>ad</span> <span class='ocrx_word' id='word_1_198' title='bbox 1365 2178 1636 2229; x_wconf 84' lang='lat' dir='ltr'>certum</span> <span class='ocrx_word' id='word_1_199' title='bbox 1689 2182 2050 2229; x_wconf 84' lang='lat' dir='ltr'>numerum</span> <span class='ocrx_word' id='word_1_200' title='bbox 2104 2163 2628 2252; x_wconf 81' lang='lat' dir='ltr'>paucitatemque</span> <span class='ocrx_word' id='word_1_201' title='bbox 2682 2158 3053 2227; x_wconf 84' lang='lat' dir='ltr'>revocanda</span> <span class='ocrx_word' id='word_1_202' title='bbox 3093 2206 3109 2221; x_wconf 91' lang='lat'><strong>.</strong></span> <span class='ocrx_word' id='word_1_203' title='bbox 3180 2162 3408 2223; x_wconf 88' lang='lat' dir='ltr'>Genus</span> <span class='ocrx_word' id='word_1_204' title='bbox 3476 2172 3701 2223; x_wconf 87' lang='lat' dir='ltr'>autem</span> <span class='ocrx_word' id='word_1_205' title='bbox 3768 2152 3862 2221; x_wconf 87' lang='lat' dir='ltr'>est</span> <span class='ocrx_word' id='word_1_206' title='bbox 3906 2152 3969 2220; x_wconf 90' lang='lat' dir='ltr'>id</span> <span class='ocrx_word' id='word_1_207' title='bbox 4006 2206 4034 2238; x_wconf 86' lang='lat'>,</span> 
     </span>
     <span class='ocr_line' id='line_1_19' title="bbox 1047 2256 4043 2353; baseline -0.003 -24"><span class='ocrx_word' id='word_1_208' title='bbox 1047 2261 1228 2353; x_wconf 87' lang='lat' dir='ltr'>quod</span> <span class='ocrx_word' id='word_1_209' title='bbox 1283 2259 1381 2329; x_wconf 87' lang='lat' dir='ltr'>sui</span> <span class='ocrx_word' id='word_1_210' title='bbox 1436 2262 1676 2330; x_wconf 82' lang='lat' dir='ltr'>fimiles</span> <span class='ocrx_word' id='word_1_211' title='bbox 1725 2266 2203 2333; x_wconf 85' lang='lat' dir='ltr'>communione</span> <span class='ocrx_word' id='word_1_212' title='bbox 2252 2268 2545 2353; x_wconf 85' lang='lat' dir='ltr'>quadam</span> <span class='ocrx_word' id='word_1_213' title='bbox 2586 2315 2607 2345; x_wconf 87' lang='lat'>,</span> <span class='ocrx_word' id='word_1_214' title='bbox 2660 2260 2862 2348; x_wconf 90' lang='lat' dir='ltr'>specie</span> <span class='ocrx_word' id='word_1_215' title='bbox 2912 2273 3133 2327; x_wconf 87' lang='lat' dir='ltr'>autem</span> <span class='ocrx_word' id='word_1_216' title='bbox 3182 2257 3549 2324; x_wconf 82' lang='lat' dir='ltr'>differentes</span> <span class='ocrx_word' id='word_1_217' title='bbox 3590 2309 3611 2340; x_wconf 83' lang='lat'>,</span> <span class='ocrx_word' id='word_1_218' title='bbox 3660 2256 3867 2341; x_wconf 75' lang='lat' dir='ltr'>duaS,</span> <span class='ocrx_word' id='word_1_219' title='bbox 3916 2270 4043 2323; x_wconf 77' lang='lat' dir='ltr'>aut</span> 
     </span>
     <span class='ocr_line' id='line_1_20' title="bbox 1049 2358 4035 2453; baseline -0.002 -22"><span class='ocrx_word' id='word_1_220' title='bbox 1049 2365 1286 2451; x_wconf 85' lang='lat' dir='ltr'>plures</span> <span class='ocrx_word' id='word_1_221' title='bbox 1338 2364 1802 2453; x_wconf 57' lang='lat' dir='ltr'>complectitur</span> <span class='ocrx_word' id='word_1_222' title='bbox 1855 2382 2104 2451; x_wconf 81' lang='lat' dir='ltr'>partes=</span> <span class='ocrx_word' id='word_1_223' title='bbox 2155 2382 2377 2450; x_wconf 86' lang='lat' dir='ltr'>partes</span> <span class='ocrx_word' id='word_1_224' title='bbox 2434 2376 2659 2427; x_wconf 87' lang='lat' dir='ltr'>autem</span> <span class='ocrx_word' id='word_1_225' title='bbox 2710 2360 2901 2444; x_wconf 90' lang='lat' dir='ltr'>sunt,</span> <span class='ocrx_word' id='word_1_226' title='bbox 2952 2381 3087 2447; x_wconf 82' lang='lat' dir='ltr'>quae</span> <span class='ocrx_word' id='word_1_227' title='bbox 3143 2359 3487 2447; x_wconf 80' lang='lat' dir='ltr'>generibus</span> <span class='ocrx_word' id='word_1_228' title='bbox 3541 2358 3627 2425; x_wconf 77' lang='lat' dir='ltr'>iis</span> <span class='ocrx_word' id='word_1_229' title='bbox 3672 2412 3694 2444; x_wconf 87' lang='lat'>,</span> <span class='ocrx_word' id='word_1_230' title='bbox 3744 2380 3829 2425; x_wconf 83' lang='lat' dir='ltr'>ex</span> <span class='ocrx_word' id='word_1_231' title='bbox 3886 2360 4035 2445; x_wconf 84' lang='lat' dir='ltr'>qui·-</span> 
     </span>
     <span class='ocr_line' id='line_1_21' title="bbox 1053 2458 4037 2550; baseline -0.001 -21"><span class='ocrx_word' id='word_1_232' title='bbox 1053 2464 1182 2531; x_wconf 85' lang='lat' dir='ltr'>bus.</span> <span class='ocrx_word' id='word_1_233' title='bbox 1232 2481 1595 2545; x_wconf 79' lang='lat' dir='ltr'>emanant,</span> <span class='ocrx_word' id='word_1_234' title='bbox 1649 2462 2122 2538; x_wconf 78' lang='lat' dir='ltr'>subjiciuntur:</span> <span class='ocrx_word' id='word_1_235' title='bbox 2178 2463 2585 2550; x_wconf 77' lang='lat' dir='ltr'>omniaque,</span> <span class='ocrx_word' id='word_1_236' title='bbox 2634 2484 2773 2549; x_wconf 81' lang='lat' dir='ltr'>quoe</span> <span class='ocrx_word' id='word_1_237' title='bbox 2830 2458 2981 2527; x_wconf 88' lang='lat' dir='ltr'>sunt</span> <span class='ocrx_word' id='word_1_238' title='bbox 3036 2459 3140 2525; x_wconf 89' lang='lat' dir='ltr'>vel</span> <span class='ocrx_word' id='word_1_239' title='bbox 3197 2477 3525 2547; x_wconf 83' lang='lat' dir='ltr'>generum</span> <span class='ocrx_word' id='word_1_240' title='bbox 3583 2460 3689 2529; x_wconf 87' lang='lat' dir='ltr'>vel</span> <span class='ocrx_word' id='word_1_241' title='bbox 3743 2459 4037 2549; x_wconf 83' lang='lat' dir='ltr'>partium</span> 
     </span>
     <span class='ocr_line' id='line_1_22' title="bbox 1045 2558 4043 2650; baseline 0 -23"><span class='ocrx_word' id='word_1_242' title='bbox 1045 2562 1318 2627; x_wconf 84' lang='lat' dir='ltr'>nomina</span> <span class='ocrx_word' id='word_1_243' title='bbox 1361 2609 1386 2645; x_wconf 85' lang='lat'>‚</span> <span class='ocrx_word' id='word_1_244' title='bbox 1435 2558 1930 2625; x_wconf 86' lang='lat' dir='ltr'>definitionibus</span> <span class='ocrx_word' id='word_1_245' title='bbox 1975 2611 1994 2644; x_wconf 92' lang='lat'>,</span> <span class='ocrx_word' id='word_1_246' title='bbox 2043 2580 2245 2648; x_wconf 86' lang='lat' dir='ltr'>quam</span> <span class='ocrx_word' id='word_1_247' title='bbox 2300 2563 2440 2628; x_wconf 85' lang='lat' dir='ltr'>vim</span> <span class='ocrx_word' id='word_1_248' title='bbox 2494 2558 2775 2629; x_wconf 86' lang='lat' dir='ltr'>habeant</span> <span class='ocrx_word' id='word_1_249' title='bbox 2811 2616 2831 2649; x_wconf 89' lang='lat'>,</span> <span class='ocrx_word' id='word_1_250' title='bbox 2900 2562 2991 2629; x_wconf 90' lang='lat' dir='ltr'>est</span> <span class='ocrx_word' id='word_1_251' title='bbox 3040 2558 3553 2650; x_wconf 84' lang='lat' dir='ltr'>exprimendum</span> <span class='ocrx_word' id='word_1_252' title='bbox 3590 2613 3605 2629; x_wconf 90' lang='lat'><strong>.</strong></span> <span class='ocrx_word' id='word_1_253' title='bbox 3676 2562 3783 2629; x_wconf 88' lang='lat' dir='ltr'>Est</span> <span class='ocrx_word' id='word_1_254' title='bbox 3848 2562 4043 2629; x_wconf 86' lang='lat' dir='ltr'>enim</span> 
     </span>
     <span class='ocr_line' id='line_1_23' title="bbox 1046 2656 4041 2753; baseline 0.002 -27"><span class='ocrx_word' id='word_1_255' title='bbox 1046 2656 1358 2726; x_wconf 82' lang='lat' dir='ltr'>definitio</span> <span class='ocrx_word' id='word_1_256' title='bbox 1397 2707 1419 2740; x_wconf 89' lang='lat'>,</span> <span class='ocrx_word' id='word_1_257' title='bbox 1469 2676 1702 2723; x_wconf 78' lang='lat' dir='ltr'>earum</span> <span class='ocrx_word' id='word_1_258' title='bbox 1755 2679 1980 2725; x_wconf 86' lang='lat' dir='ltr'>rerum</span> <span class='ocrx_word' id='word_1_259' title='bbox 2021 2712 2041 2745; x_wconf 93' lang='lat'>,</span> <span class='ocrx_word' id='word_1_260' title='bbox 2117 2683 2254 2749; x_wconf 72' lang='lat' dir='ltr'>qua:</span> <span class='ocrx_word' id='word_1_261' title='bbox 2310 2658 2455 2728; x_wconf 88' lang='lat' dir='ltr'>sunt</span> <span class='ocrx_word' id='word_1_262' title='bbox 2508 2662 2651 2738; x_wconf 78' lang='lat' dir='ltr'>ejus</span> <span class='ocrx_word' id='word_1_263' title='bbox 2701 2666 2797 2728; x_wconf 86' lang='lat' dir='ltr'>rei</span> <span class='ocrx_word' id='word_1_264' title='bbox 2849 2666 3123 2749; x_wconf 67' lang='lat' dir='ltr'>proprias</span> <span class='ocrx_word' id='word_1_265' title='bbox 3162 2716 3184 2748; x_wconf 83' lang='lat'>,</span> <span class='ocrx_word' id='word_1_266' title='bbox 3249 2684 3453 2753; x_wconf 81' lang='lat' dir='ltr'>quam</span> <span class='ocrx_word' id='word_1_267' title='bbox 3522 2663 3793 2734; x_wconf 83' lang='lat' dir='ltr'>definire</span> <span class='ocrx_word' id='word_1_268' title='bbox 3846 2662 4041 2731; x_wconf 71' lang='lat' dir='ltr'>volu-</span> 
     </span>
     <span class='ocr_line' id='line_1_24' title="bbox 963 2754 3022 2850; baseline -0 -24"><span class='ocrx_word' id='word_1_269' title='bbox 963 2837 972 2845; x_wconf 35' lang='lat'>,</span> <span class='ocrx_word' id='word_1_270' title='bbox 1067 2780 1267 2841; x_wconf 67' lang='lat' dir='ltr'>mm,</span> <span class='ocrx_word' id='word_1_271' title='bbox 1313 2754 1534 2823; x_wconf 83' lang='lat' dir='ltr'>brevis</span> <span class='ocrx_word' id='word_1_272' title='bbox 1606 2759 1676 2825; x_wconf 87' lang='lat'>&amp;</span> <span class='ocrx_word' id='word_1_273' title='bbox 1733 2759 2239 2850; x_wconf 84' lang='lat' dir='ltr'>circumscripta</span> <span class='ocrx_word' id='word_1_274' title='bbox 2290 2764 2588 2849; x_wconf 82' lang='lat' dir='ltr'>quaedam</span> <span class='ocrx_word' id='word_1_275' title='bbox 2626 2762 3022 2849; x_wconf 80' lang='lat' dir='ltr'>explicatio.</span> 
     </span>
    </p>

    <p class='ocr_par' dir='ltr' id='par_1_7' title="bbox 1045 2857 4045 3859">
     <span class='ocr_line' id='line_1_25' title="bbox 1155 2857 4041 2953; baseline 0.002 -29"><span class='ocrx_word' id='word_1_276' title='bbox 1155 2857 1357 2943; x_wconf 86' lang='lat' dir='ltr'>Hisce</span> <span class='ocrx_word' id='word_1_277' title='bbox 1406 2878 1536 2945; x_wconf 84' lang='lat' dir='ltr'>ego</span> <span class='ocrx_word' id='word_1_278' title='bbox 1587 2857 1777 2927; x_wconf 85' lang='lat' dir='ltr'>rebus</span> <span class='ocrx_word' id='word_1_279' title='bbox 1827 2863 2133 2949; x_wconf 82' lang='lat' dir='ltr'>exempla</span> <span class='ocrx_word' id='word_1_280' title='bbox 2187 2862 2617 2952; x_wconf 80' lang='lat' dir='ltr'>adjungerem</span> <span class='ocrx_word' id='word_1_281' title='bbox 2657 2916 2681 2949; x_wconf 87' lang='lat'>,</span> <span class='ocrx_word' id='word_1_282' title='bbox 2748 2862 2869 2928; x_wconf 82' lang='lat' dir='ltr'>nili</span> <span class='ocrx_word' id='word_1_283' title='bbox 2908 2913 2928 2946; x_wconf 87' lang='lat'>,</span> <span class='ocrx_word' id='word_1_284' title='bbox 2995 2860 3173 2947; x_wconf 85' lang='lat' dir='ltr'>apud</span> <span class='ocrx_word' id='word_1_285' title='bbox 3237 2884 3405 2953; x_wconf 86' lang='lat' dir='ltr'>quos</span> <span class='ocrx_word' id='word_1_286' title='bbox 3472 2864 3613 2930; x_wconf 81' lang='lat' dir='ltr'>haec</span> <span class='ocrx_word' id='word_1_287' title='bbox 3678 2862 4041 2931; x_wconf 81' lang='lat' dir='ltr'>haberetur·</span> 
     </span>
     <span class='ocr_line' id='line_1_26' title="bbox 1047 2958 4043 3053; baseline 0.001 -29"><span class='ocrx_word' id='word_1_288' title='bbox 1047 2961 1301 3041; x_wconf 76' lang='lat' dir='ltr'>oratic,</span> <span class='ocrx_word' id='word_1_289' title='bbox 1350 2978 1736 3028; x_wconf 85' lang='lat' dir='ltr'>cernerem.</span> <span class='ocrx_word' id='word_1_290' title='bbox 1790 2964 1990 3030; x_wconf 84' lang='lat' dir='ltr'>Nunc</span> <span class='ocrx_word' id='word_1_291' title='bbox 2045 2962 2449 3051; x_wconf 61' lang='lat' dir='ltr'>complectar</span> <span class='ocrx_word' id='word_1_292' title='bbox 2504 2962 2681 3053; x_wconf 84' lang='lat' dir='ltr'>quod</span> <span class='ocrx_word' id='word_1_293' title='bbox 2736 2959 3081 3051; x_wconf 85' lang='lat' dir='ltr'>proposui,</span> <span class='ocrx_word' id='word_1_294' title='bbox 3129 2958 3349 3031; x_wconf 87' lang='lat' dir='ltr'>brevi.</span> <span class='ocrx_word' id='word_1_295' title='bbox 3402 2963 3687 3030; x_wconf 85' lang='lat' dir='ltr'>sienim</span> <span class='ocrx_word' id='word_1_296' title='bbox 3738 2978 3849 3029; x_wconf 87' lang='lat' dir='ltr'>aut</span> <span class='ocrx_word' id='word_1_297' title='bbox 3905 2965 4043 3029; x_wconf 88' lang='lat' dir='ltr'>mi-</span> 
     </span>
     <span class='ocr_line' id='line_1_27' title="bbox 1045 3056 4045 3155; baseline 0.002 -32"><span class='ocrx_word' id='word_1_298' title='bbox 1045 3059 1116 3125; x_wconf 89' lang='lat' dir='ltr'>hi</span> <span class='ocrx_word' id='word_1_299' title='bbox 1169 3057 1388 3124; x_wconf 89' lang='lat' dir='ltr'>facere</span> <span class='ocrx_word' id='word_1_300' title='bbox 1441 3056 1747 3147; x_wconf 87' lang='lat' dir='ltr'>licuerit,</span> <span class='ocrx_word' id='word_1_301' title='bbox 1800 3064 1978 3152; x_wconf 90' lang='lat' dir='ltr'>quod</span> <span class='ocrx_word' id='word_1_302' title='bbox 2029 3066 2277 3143; x_wconf 82' lang='lat' dir='ltr'>jamdiu</span> <span class='ocrx_word' id='word_1_303' title='bbox 2331 3067 2551 3153; x_wconf 88' lang='lat' dir='ltr'>cogito</span> <span class='ocrx_word' id='word_1_304' title='bbox 2604 3072 2857 3151; x_wconf 87' lang='lat'>(79),</span> <span class='ocrx_word' id='word_1_305' title='bbox 2929 3076 3041 3129; x_wconf 89' lang='lat' dir='ltr'>aut</span> <span class='ocrx_word' id='word_1_306' title='bbox 3092 3062 3258 3132; x_wconf 87' lang='lat' dir='ltr'>alius</span> <span class='ocrx_word' id='word_1_307' title='bbox 3310 3063 3633 3155; x_wconf 87' lang='lat' dir='ltr'>quispiam</span> <span class='ocrx_word' id='word_1_308' title='bbox 3688 3118 3707 3151; x_wconf 91' lang='lat'>,</span> <span class='ocrx_word' id='word_1_309' title='bbox 3758 3080 3867 3130; x_wconf 85' lang='lat' dir='ltr'>aut</span> <span class='ocrx_word' id='word_1_310' title='bbox 3922 3082 4045 3130; x_wconf 84' lang='lat' dir='ltr'>me</span> 
     </span>
     <span class='ocr_line' id='line_1_28' title="bbox 1059 3156 4043 3252; baseline 0.002 -24"><span class='ocrx_word' id='word_1_311' title='bbox 1059 3156 1378 3248; x_wconf 84' lang='lat' dir='ltr'>impedito</span> <span class='ocrx_word' id='word_1_312' title='bbox 1429 3164 1769 3251; x_wconf 89' lang='lat' dir='ltr'>occuparit</span> <span class='ocrx_word' id='word_1_313' title='bbox 1815 3217 1840 3250; x_wconf 87' lang='lat'>,</span> <span class='ocrx_word' id='word_1_314' title='bbox 1909 3180 2021 3232; x_wconf 87' lang='lat' dir='ltr'>aut</span> <span class='ocrx_word' id='word_1_315' title='bbox 2069 3183 2337 3237; x_wconf 90' lang='lat' dir='ltr'>mortuo</span> <span class='ocrx_word' id='word_1_316' title='bbox 2386 3165 2669 3234; x_wconf 79' lang='lat' dir='ltr'>effecerit</span> <span class='ocrx_word' id='word_1_317' title='bbox 2707 3221 2730 3251; x_wconf 12' lang='lat' dir='ltr'>,t</span> <span class='ocrx_word' id='word_1_318' title='bbox 2796 3183 2871 3232; x_wconf 92' lang='lat' dir='ltr'>ut</span> <span class='ocrx_word' id='word_1_319' title='bbox 2940 3165 3229 3252; x_wconf 88' lang='lat' dir='ltr'>primum</span> <span class='ocrx_word' id='word_1_320' title='bbox 3299 3189 3495 3234; x_wconf 86' lang='lat' dir='ltr'>omne</span> <span class='ocrx_word' id='word_1_321' title='bbox 3547 3167 3650 3242; x_wconf 77' lang='lat' dir='ltr'>ius</span> <span class='ocrx_word' id='word_1_322' title='bbox 3699 3165 3892 3233; x_wconf 74' lang='lat' dir='ltr'>civile</span> <span class='ocrx_word' id='word_1_323' title='bbox 3963 3167 4043 3233; x_wconf 84' lang='lat' dir='ltr'>in</span> 
     </span>
     <span class='ocr_line' id='line_1_29' title="bbox 1061 3261 4037 3357; baseline 0.002 -30"><span class='ocrx_word' id='word_1_324' title='bbox 1061 3280 1308 3350; x_wconf 86' lang='lat' dir='ltr'>genera</span> <span class='ocrx_word' id='word_1_325' title='bbox 1361 3261 1660 3350; x_wconf 86' lang='lat' dir='ltr'>digerat,</span> <span class='ocrx_word' id='word_1_326' title='bbox 1711 3286 1854 3352; x_wconf 74' lang='lat' dir='ltr'>qua:</span> <span class='ocrx_word' id='word_1_327' title='bbox 1906 3287 2227 3356; x_wconf 84' lang='lat' dir='ltr'>perpauca</span> <span class='ocrx_word' id='word_1_328' title='bbox 2282 3266 2492 3355; x_wconf 81' lang='lat' dir='ltr'>sunt3</span> <span class='ocrx_word' id='word_1_329' title='bbox 2546 3267 2787 3334; x_wconf 88' lang='lat' dir='ltr'>deinde</span> <span class='ocrx_word' id='word_1_330' title='bbox 2834 3287 3071 3335; x_wconf 85' lang='lat' dir='ltr'>eorum</span> <span class='ocrx_word' id='word_1_331' title='bbox 3124 3287 3451 3356; x_wconf 86' lang='lat' dir='ltr'>generum</span> <span class='ocrx_word' id='word_1_332' title='bbox 3502 3266 3683 3356; x_wconf 84' lang='lat' dir='ltr'>quali</span> <span class='ocrx_word' id='word_1_333' title='bbox 3736 3265 4037 3357; x_wconf 86' lang='lat' dir='ltr'>quaedam</span> 
     </span>
     <span class='ocr_line' id='line_1_30' title="bbox 1055 3359 4041 3458; baseline 0.002 -28"><span class='ocrx_word' id='word_1_334' title='bbox 1055 3359 1352 3430; x_wconf 86' lang='lat' dir='ltr'>membra</span> <span class='ocrx_word' id='word_1_335' title='bbox 1405 3359 1744 3452; x_wconf 86' lang='lat' dir='ltr'>dispertiat</span> <span class='ocrx_word' id='word_1_336' title='bbox 1790 3390 1813 3450; x_wconf 86' lang='lat'>,-</span> <span class='ocrx_word' id='word_1_337' title='bbox 1871 3380 2017 3433; x_wconf 86' lang='lat' dir='ltr'>tum</span> <span class='ocrx_word' id='word_1_338' title='bbox 2067 3369 2401 3456; x_wconf 81' lang='lat' dir='ltr'>propriam</span> <span class='ocrx_word' id='word_1_339' title='bbox 2449 3368 2768 3458; x_wconf 84' lang='lat' dir='ltr'>cujusque</span> <span class='ocrx_word' id='word_1_340' title='bbox 2823 3371 2963 3435; x_wconf 87' lang='lat' dir='ltr'>vim</span> <span class='ocrx_word' id='word_1_341' title='bbox 3014 3367 3396 3437; x_wconf 90' lang='lat' dir='ltr'>definitione</span> <span class='ocrx_word' id='word_1_342' title='bbox 3449 3369 3733 3438; x_wconf 86' lang='lat' dir='ltr'>declaret</span> <span class='ocrx_word' id='word_1_343' title='bbox 3750 3394 3772 3456; x_wconf 85' lang='lat'>3</span> <span class='ocrx_word' id='word_1_344' title='bbox 3825 3367 4041 3456; x_wconf 81' lang='lat' dir='ltr'>perfe-</span> 
     </span>
     <span class='ocr_line' id='line_1_31' title="bbox 1055 3463 4033 3564; baseline 0.002 -34"><span class='ocrx_word' id='word_1_345' title='bbox 1055 3463 1244 3535; x_wconf 69' lang='lat' dir='ltr'>&amp;am</span> <span class='ocrx_word' id='word_1_346' title='bbox 1287 3477 1498 3532; x_wconf 81' lang='lat' dir='ltr'>artem</span> <span class='ocrx_word' id='word_1_347' title='bbox 1547 3465 1714 3542; x_wconf 82' lang='lat' dir='ltr'>juris</span> <span class='ocrx_word' id='word_1_348' title='bbox 1783 3467 2000 3542; x_wconf 81' lang='lat' dir='ltr'>civilis</span> <span class='ocrx_word' id='word_1_349' title='bbox 2048 3467 2366 3544; x_wconf 85' lang='lat' dir='ltr'>habebitis</span> <span class='ocrx_word' id='word_1_350' title='bbox 2411 3522 2432 3557; x_wconf 88' lang='lat'>,</span> <span class='ocrx_word' id='word_1_351' title='bbox 2500 3473 2721 3560; x_wconf 78' lang='lat' dir='ltr'>magis</span> <span class='ocrx_word' id='word_1_352' title='bbox 2782 3489 3104 3560; x_wconf 84' lang='lat' dir='ltr'>magnam</span> <span class='ocrx_word' id='word_1_353' title='bbox 3175 3489 3368 3564; x_wconf 84' lang='lat' dir='ltr'>atque</span> <span class='ocrx_word' id='word_1_354' title='bbox 3438 3467 3701 3540; x_wconf 88' lang='lat' dir='ltr'>uberem</span> <span class='ocrx_word' id='word_1_355' title='bbox 3742 3524 3761 3558; x_wconf 91' lang='lat'>,</span> <span class='ocrx_word' id='word_1_356' title='bbox 3826 3492 4033 3559; x_wconf 84' lang='lat' dir='ltr'>quam</span> 
     </span>
     <span class='ocr_line' id='line_1_32' title="bbox 1052 3559 4033 3662; baseline 0.001 -30"><span class='ocrx_word' id='word_1_357' title='bbox 1052 3562 1400 3632; x_wconf 85' lang='lat' dir='ltr'>difficilem</span> <span class='ocrx_word' id='word_1_358' title='bbox 1445 3579 1651 3652; x_wconf 84' lang='lat' dir='ltr'>atque</span> <span class='ocrx_word' id='word_1_359' title='bbox 1693 3564 2034 3636; x_wconf 88' lang='lat' dir='ltr'>obscuram</span> <span class='ocrx_word' id='word_1_360' title='bbox 2073 3619 2102 3640; x_wconf 77' lang='grc'>.,</span> <span class='ocrx_word' id='word_1_361' title='bbox 2163 3573 2385 3660; x_wconf 86' lang='lat' dir='ltr'>Atque</span> <span class='ocrx_word' id='word_1_362' title='bbox 2438 3573 2685 3650; x_wconf 76' lang='lat' dir='ltr'>interea</span> <span class='ocrx_word' id='word_1_363' title='bbox 2734 3559 2955 3640; x_wconf 85' lang='lat' dir='ltr'>tamen</span> <span class='ocrx_word' id='word_1_364' title='bbox 2991 3625 3011 3659; x_wconf 92' lang='lat'>,</span> <span class='ocrx_word' id='word_1_365' title='bbox 3060 3571 3223 3640; x_wconf 88' lang='lat' dir='ltr'>dum</span> <span class='ocrx_word' id='word_1_366' title='bbox 3272 3573 3407 3640; x_wconf 81' lang='lat' dir='ltr'>haec</span> <span class='ocrx_word' id='word_1_367' title='bbox 3462 3627 3483 3658; x_wconf 89' lang='lat'>,</span> <span class='ocrx_word' id='word_1_368' title='bbox 3550 3596 3693 3662; x_wconf 83' lang='lat' dir='ltr'>quae</span> <span class='ocrx_word' id='word_1_369' title='bbox 3747 3571 4033 3660; x_wconf 85' lang='lat' dir='ltr'>dispersa.</span> 
     </span>
     <span class='ocr_line' id='line_1_33' title="bbox 1057 3662 4032 3772; baseline 0.005 -45"><span class='ocrx_word' id='word_1_370' title='bbox 1057 3662 1215 3730; x_wconf 82' lang='lat' dir='ltr'>sunt·</span> <span class='ocrx_word' id='word_1_371' title='bbox 1248 3713 1270 3747; x_wconf 84' lang='lat'>,</span> <span class='ocrx_word' id='word_1_372' title='bbox 1318 3679 1707 3752; x_wconf 70' lang='lat' dir='ltr'>coguntur,</span> <span class='ocrx_word' id='word_1_373' title='bbox 1759 3669 1870 3731; x_wconf 91' lang='lat' dir='ltr'>vel·</span> <span class='ocrx_word' id='word_1_374' title='bbox 1925 3670 2144 3756; x_wconf 82' lang='lat' dir='ltr'>paffim</span> <span class='ocrx_word' id='word_1_375' title='bbox 2200 3670 2352 3736; x_wconf 89' lang='lat' dir='ltr'>licet</span> <span class='ocrx_word' id='word_1_376' title='bbox 2406 3690 2789 3760; x_wconf 82' lang='lat' dir='ltr'>carpentem</span> <span class='ocrx_word' id='word_1_377' title='bbox 2862 3677 2932 3752; x_wconf 83' lang='lat'>&amp;</span> <span class='ocrx_word' id='word_1_378' title='bbox 3004 3673 3439 3768; x_wconf 72' lang='lat' dir='ltr'>colligentem</span> <span class='ocrx_word' id='word_1_379' title='bbox 3509 3673 3804 3772; x_wconf 81' lang='lat' dir='ltr'>undique</span> <span class='ocrx_word' id='word_1_380' title='bbox 3842 3726 3872 3759; x_wconf 66' lang='lat' dir='ltr'>a</span> <span class='ocrx_word' id='word_1_381' title='bbox 3934 3693 4032 3741; x_wconf 87' lang='lat' dir='ltr'>re-</span> 
     </span>
     <span class='ocr_line' id='line_1_34' title="bbox 1059 3761 2557 3859; baseline 0.005 -29"><span class='ocrx_word' id='word_1_382' title='bbox 1059 3763 1240 3853; x_wconf 74' lang='lat' dir='ltr'>pleri·</span> <span class='ocrx_word' id='word_1_383' title='bbox 1284 3761 1450 3846; x_wconf 73' lang='lat' dir='ltr'>iusta.</span> <span class='ocrx_word' id='word_1_384' title='bbox 1501 3763 1676 3842; x_wconf 84' lang='lat' dir='ltr'>iuris.</span> <span class='ocrx_word' id='word_1_385' title='bbox 1715 3766 1934 3838; x_wconf 71' lang='lat' dir='ltr'>civilis</span> <span class='ocrx_word' id='word_1_386' title='bbox 1989 3768 2256 3840; x_wconf 78' lang='lat' dir='ltr'>scientia</span> <span class='ocrx_word' id='word_1_387' title='bbox 2309 3773 2453 3858; x_wconf 71' lang='lat'>(89</span> <span class='ocrx_word' id='word_1_388' title='bbox 2483 3783 2557 3859; x_wconf 33' lang='grc' dir='ltr'>χι</span> 
     </span>
    </p>
   </div>
   <div class='ocr_carea' id='block_1_5' title="bbox 1071 4048 4045 4100">
    <p class='ocr_par' dir='ltr' id='par_1_8' title="bbox 1071 4048 4045 4100">
     <span class='ocr_line' id='line_1_35' title="bbox 1071 4048 4045 4100; baseline 0 2221"><span class='ocrx_word' id='word_1_389' title='bbox 1071 4048 4045 4100; x_wconf 95' lang='lat' dir='ltr'> </span> 
     </span>
    </p>
   </div>
   <div class='ocr_carea' id='block_1_6' title="bbox 1073 4099 3885 4134">
    <p class='ocr_par' dir='ltr' id='par_1_9' title="bbox 1073 4099 3885 4134">
     <span class='ocr_line' id='line_1_36' title="bbox 1073 4099 3885 4134; baseline 0 2187"><span class='ocrx_word' id='word_1_390' title='bbox 1073 4099 3885 4134; x_wconf 95' lang='lat' dir='ltr'> </span> 
     </span>
    </p>
   </div>
   <div class='ocr_carea' id='block_1_7' title="bbox 3894 4117 4023 4132">
    <p class='ocr_par' dir='ltr' id='par_1_10' title="bbox 3894 4117 4023 4132">
     <span class='ocr_line' id='line_1_37' title="bbox 3894 4117 4023 4132; baseline 0.016 -4"><span class='ocrx_word' id='word_1_391' title='bbox 3894 4117 4023 4132; x_wconf 43' lang='grc' dir='ltr'><strong>ἡ</strong></span> 
     </span>
    </p>
   </div>
   <div class='ocr_carea' id='block_1_8' title="bbox 1057 4221 4053 4806">
    <p class='ocr_par' dir='ltr' id='par_1_11' title="bbox 1064 4221 4053 4384">
     <span class='ocr_line' id='line_1_38' title="bbox 1132 4221 4053 4312; baseline 0.005 -35"><span class='ocrx_word' id='word_1_392' title='bbox 1132 4221 1266 4306; x_wconf 43' lang='grc' dir='ltr'>(ᾗ)</span> <span class='ocrx_word' id='word_1_393' title='bbox 1325 4221 1754 4298; x_wconf 72' lang='lat' dir='ltr'>AEqnabilitatis</span> <span class='ocrx_word' id='word_1_394' title='bbox 1790 4234 1818 4294; x_wconf 90' lang='lat'><strong>)</strong></span> <span class='ocrx_word' id='word_1_395' title='bbox 1879 4225 2024 4285; x_wconf 62' lang='lat' dir='ltr'>Via.</span> <span class='ocrx_word' id='word_1_396' title='bbox 2063 4229 2215 4285; x_wconf 78' lang='lat' dir='ltr'>Man.</span> <span class='ocrx_word' id='word_1_397' title='bbox 2266 4230 2495 4303; x_wconf 69' lang='lat' dir='ltr'>aquali·</span> <span class='ocrx_word' id='word_1_398' title='bbox 2597 4250 2719 4312; x_wconf 66' lang='lat' dir='ltr'>tur:</span> <span class='ocrx_word' id='word_1_399' title='bbox 2746 4251 2892 4312; x_wconf 29' lang='lat' dir='ltr'>‘eum</span> <span class='ocrx_word' id='word_1_400' title='bbox 2928 4234 3079 4293; x_wconf 82' lang='lat' dir='ltr'>enim</span> <span class='ocrx_word' id='word_1_401' title='bbox 3130 4235 3402 4309; x_wconf 57' lang='lat' dir='ltr'>scripsisse</span> <span class='ocrx_word' id='word_1_402' title='bbox 3437 4235 3634 4295; x_wconf 80' lang='lat' dir='ltr'>librum</span> <span class='ocrx_word' id='word_1_403' title='bbox 3685 4233 3752 4292; x_wconf 90' lang='lat' dir='ltr'>de</span> <span class='ocrx_word' id='word_1_404' title='bbox 3788 4237 3906 4302; x_wconf 72' lang='lat' dir='ltr'>iure</span> <span class='ocrx_word' id='word_1_405' title='bbox 3942 4233 4053 4293; x_wconf 65' lang='lat' dir='ltr'>cis-</span> 
     </span>
     <span class='ocr_line' id='line_1_39' title="bbox 1064 4305 4045 4384; baseline 0.006 -38"><span class='ocrx_word' id='word_1_406' title='bbox 1064 4305 1248 4348; x_wconf 65' lang='grc' dir='ltr'><strong><em>ητις.</em></strong></span> <span class='ocrx_word' id='word_1_407' title='bbox 1569 4373 1580 4384; x_wconf 92' lang='lat'><em>.</em></span> <span class='ocrx_word' id='word_1_408' title='bbox 2077 4369 2088 4379; x_wconf 36' lang='grc' dir='ltr'>ι</span> <span class='ocrx_word' id='word_1_409' title='bbox 2403 4372 2414 4383; x_wconf 46' lang='lat'><strong>·</strong></span> <span class='ocrx_word' id='word_1_410' title='bbox 2600 4305 2701 4361; x_wconf 70' lang='lat' dir='ltr'>vult</span> <span class='ocrx_word' id='word_1_411' title='bbox 2742 4323 2801 4361; x_wconf 81' lang='lat' dir='ltr'>m</span> <span class='ocrx_word' id='word_1_412' title='bbox 2828 4325 3003 4365; x_wconf 80' lang='lat' dir='ltr'>artem</span> <span class='ocrx_word' id='word_1_413' title='bbox 3040 4306 3343 4378; x_wconf 83' lang='lat' dir='ltr'>redigendo</span> <span class='ocrx_word' id='word_1_414' title='bbox 3378 4309 3525 4366; x_wconf 81' lang='lat' dir='ltr'>testis</span> <span class='ocrx_word' id='word_1_415' title='bbox 3560 4307 3639 4364; x_wconf 86' lang='lat' dir='ltr'>cst</span> <span class='ocrx_word' id='word_1_416' title='bbox 3674 4305 3891 4365; x_wconf 80' lang='lat' dir='ltr'>Gellius</span> <span class='ocrx_word' id='word_1_417' title='bbox 3928 4307 4045 4366; x_wconf 69' lang='lat' dir='ltr'>lib.</span> 
     </span>
    </p>

    <p class='ocr_par' dir='ltr' id='par_1_12' title="bbox 1057 4367 4051 4806">
     <span class='ocr_line' id='line_1_40' title="bbox 1135 4367 4037 4453; baseline 0.006 -33"><span class='ocrx_word' id='word_1_418' title='bbox 1135 4367 1294 4430; x_wconf 80' lang='lat'>(78)</span> <span class='ocrx_word' id='word_1_419' title='bbox 1332 4367 1610 4446; x_wconf 60' lang='lat' dir='ltr'>Notanda-</span> <span class='ocrx_word' id='word_1_420' title='bbox 1633 4388 1851 4448; x_wconf 25' lang='lat' dir='ltr'>,genera</span> <span class='ocrx_word' id='word_1_421' title='bbox 1883 4375 1914 4434; x_wconf 81' lang='grc'><strong>)</strong></span> <span class='ocrx_word' id='word_1_422' title='bbox 1939 4371 2122 4452; x_wconf 36' lang='lat' dir='ltr'>,June</span> <span class='ocrx_word' id='word_1_423' title='bbox 2166 4390 2361 4450; x_wconf 80' lang='lat' dir='ltr'>genera</span> <span class='ocrx_word' id='word_1_424' title='bbox 2400 4373 2510 4432; x_wconf 72' lang='lat' dir='ltr'>ista.</span> <span class='ocrx_word' id='word_1_425' title='bbox 2604 4395 2889 4448; x_wconf 62' lang='lat' dir='ltr'>neap-22.</span> <span class='ocrx_word' id='word_1_426' title='bbox 2926 4381 3107 4437; x_wconf 76' lang='lat' dir='ltr'>Idem.</span> <span class='ocrx_word' id='word_1_427' title='bbox 3148 4379 3291 4439; x_wconf 84' lang='lat' dir='ltr'>Vide</span> <span class='ocrx_word' id='word_1_428' title='bbox 3324 4377 4037 4453; x_wconf 74' lang='lat' dir='ltr'>PhilosophicorumI-&#39;xag-</span> 
     </span>
     <span class='ocr_line' id='line_1_41' title="bbox 1057 4431 3163 4522; baseline 0.01 -32"><span class='ocrx_word' id='word_1_429' title='bbox 1057 4431 1186 4495; x_wconf 87' lang='lat' dir='ltr'>sunt</span> <span class='ocrx_word' id='word_1_430' title='bbox 1225 4457 1240 4494; x_wconf 73' lang='grc' dir='ltr'><strong><em>ε</em></strong></span> <span class='ocrx_word' id='word_1_431' title='bbox 1294 4437 1442 4494; x_wconf 71' lang='lat' dir='ltr'>aliud</span> <span class='ocrx_word' id='word_1_432' title='bbox 1491 4439 1766 4518; x_wconf 76' lang='lat' dir='ltr'>publicum</span> <span class='ocrx_word' id='word_1_433' title='bbox 1802 4441 1900 4522; x_wconf 43' lang='lat' dir='ltr'>est·</span> <span class='ocrx_word' id='word_1_434' title='bbox 1929 4458 2012 4510; x_wconf 67' lang='lat' dir='ltr'>jus</span> <span class='ocrx_word' id='word_1_435' title='bbox 2039 4483 2055 4508; x_wconf 87' lang='lat'>‚</span> <span class='ocrx_word' id='word_1_436' title='bbox 2105 4441 2253 4500; x_wconf 82' lang='lat' dir='ltr'>ahud</span> <span class='ocrx_word' id='word_1_437' title='bbox 2305 4445 2495 4516; x_wconf 74' lang='lat' dir='ltr'>priva·</span> <span class='ocrx_word' id='word_1_438' title='bbox 2593 4465 2775 4505; x_wconf 82' lang='lat' dir='ltr'>menta</span> <span class='ocrx_word' id='word_1_439' title='bbox 2802 4491 2818 4516; x_wconf 92' lang='lat'><em>‚</em></span> <span class='ocrx_word' id='word_1_440' title='bbox 2849 4454 3009 4509; x_wconf 87' lang='lat' dir='ltr'>Tom.</span> <span class='ocrx_word' id='word_1_441' title='bbox 3050 4453 3163 4510; x_wconf 92' lang='lat'>111.</span> 
     </span>
     <span class='ocr_line' id='line_1_42' title="bbox 1061 4505 4039 4596; baseline 0.005 -33"><span class='ocrx_word' id='word_1_442' title='bbox 1061 4523 1176 4566; x_wconf 85' lang='lat' dir='ltr'>tum</span> <span class='ocrx_word' id='word_1_443' title='bbox 1210 4547 1227 4566; x_wconf 85' lang='lat'><strong>.</strong></span> <span class='ocrx_word' id='word_1_444' title='bbox 1283 4505 1490 4587; x_wconf 71' lang='lat' dir='ltr'>Rursus</span> <span class='ocrx_word' id='word_1_445' title='bbox 1517 4510 1797 4588; x_wconf 77' lang='lat' dir='ltr'>publicum</span> <span class='ocrx_word' id='word_1_446' title='bbox 1832 4510 2006 4592; x_wconf 42' lang='lat' dir='ltr'>aliud·</span> <span class='ocrx_word' id='word_1_447' title='bbox 2033 4509 2234 4584; x_wconf 65' lang='lat' dir='ltr'>spectat</span> <span class='ocrx_word' id='word_1_448' title='bbox 2288 4515 2495 4596; x_wconf 39' lang='lat' dir='ltr'>res-sa·</span> <span class='ocrx_word' id='word_1_449' title='bbox 2664 4522 2823 4584; x_wconf 82' lang='lat'><em>(80)</em></span> <span class='ocrx_word' id='word_1_450' title='bbox 2854 4521 3013 4594; x_wconf 73' lang='lat' dir='ltr'>Iusta</span> <span class='ocrx_word' id='word_1_451' title='bbox 3039 4521 3452 4594; x_wconf 61' lang='lat' dir='ltr'>(wigmffla)</span> <span class='ocrx_word' id='word_1_452' title='bbox 3477 4523 3821 4595; x_wconf 58' lang='lat' dir='ltr'>iuris-civilis</span> <span class='ocrx_word' id='word_1_453' title='bbox 3841 4524 4039 4594; x_wconf 77' lang='lat' dir='ltr'>leien-</span> 
     </span>
     <span class='ocr_line' id='line_1_43' title="bbox 1058 4577 4027 4665; baseline 0.007 -34"><span class='ocrx_word' id='word_1_454' title='bbox 1058 4597 1169 4656; x_wconf 65' lang='lat' dir='ltr'>cras</span> <span class='ocrx_word' id='word_1_455' title='bbox 1199 4597 1218 4638; x_wconf 82' lang='lat'>5</span> <span class='ocrx_word' id='word_1_456' title='bbox 1270 4577 1416 4654; x_wconf 70' lang='lat' dir='ltr'>².¹¹²¹d</span> <span class='ocrx_word' id='word_1_457' title='bbox 1455 4581 1786 4660; x_wconf 70' lang='lat' dir='ltr'>magistratus</span> <span class='ocrx_word' id='word_1_458' title='bbox 1817 4624 1833 4649; x_wconf 87' lang='lat'>‚</span> <span class='ocrx_word' id='word_1_459' title='bbox 1871 4581 2255 4665; x_wconf 69' lang='lat' dir='ltr'>ordinemque·</span> <span class='ocrx_word' id='word_1_460' title='bbox 2294 4587 2493 4646; x_wconf 69' lang='lat' dir='ltr'>civita-</span> <span class='ocrx_word' id='word_1_461' title='bbox 2596 4593 2735 4654; x_wconf 74' lang='lat' dir='ltr'>ts&#39;a)</span> <span class='ocrx_word' id='word_1_462' title='bbox 2774 4591 2843 4650; x_wconf 91' lang='lat' dir='ltr'>Id</span> <span class='ocrx_word' id='word_1_463' title='bbox 2879 4593 2989 4659; x_wconf 85' lang='lat' dir='ltr'>est,</span> <span class='ocrx_word' id='word_1_464' title='bbox 3026 4612 3146 4664; x_wconf 80' lang='lat' dir='ltr'>quae</span> <span class='ocrx_word' id='word_1_465' title='bbox 3185 4591 3425 4662; x_wconf 80' lang='lat' dir='ltr'>sufficit,</span> <span class='ocrx_word' id='word_1_466' title='bbox 3462 4595 3548 4652; x_wconf 87' lang='lat' dir='ltr'>cui</span> <span class='ocrx_word' id='word_1_467' title='bbox 3586 4593 3741 4654; x_wconf 83' lang='lat' dir='ltr'>nihii</span> <span class='ocrx_word' id='word_1_468' title='bbox 3774 4593 3917 4653; x_wconf 88' lang='lat' dir='ltr'>deest</span> <span class='ocrx_word' id='word_1_469' title='bbox 3950 4589 4027 4649; x_wconf 76' lang='lat' dir='ltr'>ad</span> 
     </span>
     <span class='ocr_line' id='line_1_44' title="bbox 1060 4647 4037 4734; baseline 0.007 -32"><span class='ocrx_word' id='word_1_470' title='bbox 1060 4666 1129 4704; x_wconf 72' lang='lat' dir='ltr'>tis</span> <span class='ocrx_word' id='word_1_471' title='bbox 1165 4667 1184 4709; x_wconf 71' lang='grc' dir='ltr'><strong><em>ς</em></strong></span> <span class='ocrx_word' id='word_1_472' title='bbox 1237 4647 1384 4726; x_wconf 57' lang='lat' dir='ltr'>aliud</span> <span class='ocrx_word' id='word_1_473' title='bbox 1419 4667 1741 4730; x_wconf 75' lang='lat' dir='ltr'>continetur</span> <span class='ocrx_word' id='word_1_474' title='bbox 1777 4653 1978 4734; x_wconf 67' lang='lat' dir='ltr'>legibus</span> <span class='ocrx_word' id='word_1_475' title='bbox 2009 4676 2026 4710; x_wconf 74' lang='grc' dir='ltr'><strong><em>ε</em></strong></span> <span class='ocrx_word' id='word_1_476' title='bbox 2065 4653 2219 4714; x_wconf 75' lang='lat' dir='ltr'>ahud</span> <span class='ocrx_word' id='word_1_477' title='bbox 2251 4657 2497 4717; x_wconf 70' lang='lat' dir='ltr'>senatuss-</span> <span class='ocrx_word' id='word_1_478' title='bbox 2595 4661 2855 4720; x_wconf 79' lang='lat' dir='ltr'>tuendum</span> <span class='ocrx_word' id='word_1_479' title='bbox 2908 4684 3109 4722; x_wconf 84' lang='lat' dir='ltr'>nomen</span> <span class='ocrx_word' id='word_1_480' title='bbox 3164 4662 3403 4727; x_wconf 73' lang='lat' dir='ltr'>stientiae</span> <span class='ocrx_word' id='word_1_481' title='bbox 3436 4705 3455 4724; x_wconf 89' lang='grc'><strong>.</strong></span> <span class='ocrx_word' id='word_1_482' title='bbox 3502 4667 3589 4725; x_wconf 66' lang='lat' dir='ltr'>Sia</span> <span class='ocrx_word' id='word_1_483' title='bbox 3648 4665 3709 4724; x_wconf 81' lang='lat' dir='ltr'>in</span> <span class='ocrx_word' id='word_1_484' title='bbox 3744 4667 4037 4731; x_wconf 80' lang='lat' dir='ltr'>Oratore,</span> 
     </span>
     <span class='ocr_line' id='line_1_45' title="bbox 1058 4715 4051 4806; baseline 0.006 -28"><span class='ocrx_word' id='word_1_485' title='bbox 1058 4715 1326 4778; x_wconf 73' lang='lat' dir='ltr'>consultis</span> <span class='ocrx_word' id='word_1_486' title='bbox 1354 4759 1374 4783; x_wconf 89' lang='lat'><em>,</em></span> <span class='ocrx_word' id='word_1_487' title='bbox 1426 4725 1530 4776; x_wconf 70' lang='grc' dir='ltr'>διε.</span> <span class='ocrx_word' id='word_1_488' title='bbox 1567 4721 1716 4778; x_wconf 81' lang='lat' dir='ltr'>ahud</span> <span class='ocrx_word' id='word_1_489' title='bbox 1751 4743 1959 4783; x_wconf 74' lang='lat' dir='ltr'>civium</span> <span class='ocrx_word' id='word_1_490' title='bbox 1996 4725 2072 4784; x_wconf 87' lang='lat' dir='ltr'>est</span> <span class='ocrx_word' id='word_1_491' title='bbox 2101 4747 2122 4790; x_wconf 68' lang='grc' dir='ltr'><strong>ς</strong></span> <span class='ocrx_word' id='word_1_492' title='bbox 2157 4729 2307 4786; x_wconf 82' lang='lat' dir='ltr'>aliud</span> <span class='ocrx_word' id='word_1_493' title='bbox 2340 4749 2493 4789; x_wconf 72' lang='lat' dir='ltr'>exte·</span> <span class='ocrx_word' id='word_1_494' title='bbox 2595 4754 2642 4792; x_wconf 84' lang='lat' dir='ltr'>c.</span> <span class='ocrx_word' id='word_1_495' title='bbox 2681 4753 2771 4802; x_wconf 87' lang='lat'>4¹·</span> <span class='ocrx_word' id='word_1_496' title='bbox 2821 4734 2969 4805; x_wconf 78' lang='lat' dir='ltr'>justa</span> <span class='ocrx_word' id='word_1_497' title='bbox 3022 4733 3307 4806; x_wconf 72' lang='lat' dir='ltr'>excusatio</span> <span class='ocrx_word' id='word_1_498' title='bbox 3335 4782 3352 4806; x_wconf 92' lang='lat'>‚</span> <span class='ocrx_word' id='word_1_499' title='bbox 3404 4739 3557 4797; x_wconf 80' lang='lat' dir='ltr'>idern</span> <span class='ocrx_word' id='word_1_500' title='bbox 3596 4738 3741 4798; x_wconf 75' lang='lat' dir='ltr'>valet</span> <span class='ocrx_word' id='word_1_501' title='bbox 3792 4758 3849 4796; x_wconf 82' lang='lat' dir='ltr'>ac</span> <span class='ocrx_word' id='word_1_502' title='bbox 3888 4737 4051 4796; x_wconf 64' lang='lat' dir='ltr'>latis.</span> 
     </span>
    </p>
   </div>
   <div class='ocr_carea' id='block_1_9' title="bbox 1057 4790 4035 4926">
    <p class='ocr_par' dir='ltr' id='par_1_13' title="bbox 1057 4790 4035 4926">
     <span class='ocr_line' id='line_1_46' title="bbox 1057 4790 4035 4926; baseline 0.008 -82"><span class='ocrx_word' id='word_1_503' title='bbox 1057 4809 1245 4919; x_wconf 48' lang='lat'>{22:³¹¹}</span> <span class='ocrx_word' id='word_1_504' title='bbox 1291 4830 1320 4926; x_wconf 56' lang='lat'>⁹.</span> <span class='ocrx_word' id='word_1_505' title='bbox 1375 4794 1478 4847; x_wconf 60' lang='lat' dir='ltr'>&amp;a</span> <span class='ocrx_word' id='word_1_506' title='bbox 1535 4790 1680 4850; x_wconf 84' lang='lat' dir='ltr'>Vide</span> <span class='ocrx_word' id='word_1_507' title='bbox 1729 4796 2062 4857; x_wconf 81' lang='lat' dir='ltr'>Ciceronem</span> <span class='ocrx_word' id='word_1_508' title='bbox 2113 4798 2174 4860; x_wconf 81' lang='lat' dir='ltr'>in</span> <span class='ocrx_word' id='word_1_509' title='bbox 2226 4801 2447 4873; x_wconf 78' lang='lat' dir='ltr'>Topicis</span> <span class='ocrx_word' id='word_1_510' title='bbox 2474 4839 2495 4866; x_wconf 86' lang='grc'><strong>.</strong></span> <span class='ocrx_word' id='word_1_511' title='bbox 2596 4803 2733 4860; x_wconf 83' lang='lat' dir='ltr'>bona</span> <span class='ocrx_word' id='word_1_512' title='bbox 2764 4845 2781 4868; x_wconf 89' lang='lat'>‚</span> <span class='ocrx_word' id='word_1_513' title='bbox 2834 4809 2889 4863; x_wconf 68' lang='lat' dir='ltr'>Bt</span> <span class='ocrx_word' id='word_1_514' title='bbox 2944 4805 3002 4864; x_wconf 84' lang='lat' dir='ltr'>in</span> <span class='ocrx_word' id='word_1_515' title='bbox 3038 4807 3255 4880; x_wconf 84' lang='lat' dir='ltr'>epistol.</span> <span class='ocrx_word' id='word_1_516' title='bbox 3290 4812 3356 4868; x_wconf 84' lang='lat' dir='ltr'>ad</span> <span class='ocrx_word' id='word_1_517' title='bbox 3414 4809 3602 4868; x_wconf 66' lang='lat' dir='ltr'>Pamin.</span> <span class='ocrx_word' id='word_1_518' title='bbox 3643 4811 3680 4867; x_wconf 88' lang='lat' dir='ltr'>l.</span> <span class='ocrx_word' id='word_1_519' title='bbox 3720 4833 3769 4870; x_wconf 67' lang='grc' dir='ltr'>π..</span> <span class='ocrx_word' id='word_1_520' title='bbox 3808 4827 3897 4884; x_wconf 86' lang='lat' dir='ltr'>ep.</span> <span class='ocrx_word' id='word_1_521' title='bbox 3942 4831 4035 4868; x_wconf 86' lang='lat' dir='ltr'>ro.</span> 
     </span>
    </p>
   </div>
   <div class='ocr_carea' id='block_1_10' title="bbox 1075 5000 3225 5092">
    <p class='ocr_par' dir='ltr' id='par_1_14' title="bbox 1075 5000 3225 5092">
     <span class='ocr_line' id='line_1_47' title="bbox 1075 5000 3225 5092; baseline 0.013 -34"><span class='ocrx_word' id='word_1_522' title='bbox 1075 5000 1204 5062; x_wconf 83' lang='lat' dir='ltr'>sona</span> <span class='ocrx_word' id='word_1_523' title='bbox 1256 5009 1368 5067; x_wconf 75' lang='lat' dir='ltr'>Cra</span> <span class='ocrx_word' id='word_1_524' title='bbox 1417 5032 1436 5075; x_wconf 76' lang='grc' dir='ltr'>ι</span> <span class='ocrx_word' id='word_1_525' title='bbox 1485 5006 1554 5071; x_wconf 74' lang='lat' dir='ltr'>de</span> <span class='ocrx_word' id='word_1_526' title='bbox 1591 5008 1646 5071; x_wconf 70' lang='lat' dir='ltr'>(e</span> <span class='ocrx_word' id='word_1_527' title='bbox 1683 5004 1800 5088; x_wconf 70' lang='lat' dir='ltr'>ipse</span> <span class='ocrx_word' id='word_1_528' title='bbox 1850 5014 2056 5082; x_wconf 75' lang='lat' dir='ltr'>Cicero</span> <span class='ocrx_word' id='word_1_529' title='bbox 2105 5015 2287 5082; x_wconf 69' lang='lat' dir='ltr'>dicere</span> <span class='ocrx_word' id='word_1_530' title='bbox 2340 5018 2501 5078; x_wconf 80' lang='lat' dir='ltr'>vide-</span> <span class='ocrx_word' id='word_1_531' title='bbox 2600 5017 2897 5092; x_wconf 53' lang='lat' dir='ltr'>fingamus„</span> <span class='ocrx_word' id='word_1_532' title='bbox 2921 5019 3225 5088; x_wconf 61' lang='lat' dir='ltr'>ebarcius..</span> 
     </span>
    </p>
   </div>
   <div class='ocr_carea' id='block_1_11' title="bbox 1131 4878 4059 5072">
    <p class='ocr_par' dir='ltr' id='par_1_15' title="bbox 1131 4878 4059 5072">
     <span class='ocr_line' id='line_1_48' title="bbox 1537 4878 4059 4956; baseline -0.006 -6"><span class='ocrx_word' id='word_1_533' title='bbox 1537 4941 1546 4950; x_wconf 96' lang='lat'>.</span> <span class='ocrx_word' id='word_1_534' title='bbox 1701 4942 1710 4951; x_wconf 93' lang='lat'><em>.</em></span> <span class='ocrx_word' id='word_1_535' title='bbox 1891 4946 1900 4955; x_wconf 92' lang='lat'><strong>.</strong></span> <span class='ocrx_word' id='word_1_536' title='bbox 2258 4943 2271 4954; x_wconf 92' lang='lat'><strong>.</strong></span> <span class='ocrx_word' id='word_1_537' title='bbox 2597 4878 2835 4956; x_wconf 61' lang='grc' dir='ltr'>Ἧῑᾶᾳῒξα.</span> <span class='ocrx_word' id='word_1_538' title='bbox 2862 4879 3013 4948; x_wconf 73' lang='lat' dir='ltr'>justa</span> <span class='ocrx_word' id='word_1_539' title='bbox 3045 4879 3237 4938; x_wconf 86' lang='lat' dir='ltr'>eodem</span> <span class='ocrx_word' id='word_1_540' title='bbox 3274 4881 3475 4942; x_wconf 83' lang='lat' dir='ltr'>dicitur</span> <span class='ocrx_word' id='word_1_541' title='bbox 3495 4881 3649 4942; x_wconf 86' lang='lat' dir='ltr'>sensu</span> <span class='ocrx_word' id='word_1_542' title='bbox 3668 4923 3693 4940; x_wconf 86' lang='lat'>..</span> <span class='ocrx_word' id='word_1_543' title='bbox 3722 4888 3858 4946; x_wconf 81' lang='lat' dir='ltr'>Non</span> <span class='ocrx_word' id='word_1_544' title='bbox 3892 4901 4059 4956; x_wconf 72' lang='lat' dir='ltr'>opus.-</span> 
     </span>
     <span class='ocr_line' id='line_1_49' title="bbox 1131 4935 4057 5072; baseline 0.005 -69"><span class='ocrx_word' id='word_1_545' title='bbox 1131 4938 1292 5008; x_wconf 78' lang='lat'><em>(79.)</em></span> <span class='ocrx_word' id='word_1_546' title='bbox 1328 4935 1497 5072; x_wconf 54' lang='grc' dir='ltr'><em>ἐὶίῗοά</em></span> <span class='ocrx_word' id='word_1_547' title='bbox 1527 4939 1750 5006; x_wconf 67' lang='grc' dir='ltr'><em>μυηὼκ</em></span> <span class='ocrx_word' id='word_1_548' title='bbox 1787 4957 1958 5012; x_wconf 80' lang='lat' dir='ltr'>cogm</span> <span class='ocrx_word' id='word_1_549' title='bbox 1993 4951 2024 5010; x_wconf 81' lang='grc'>)</span> <span class='ocrx_word' id='word_1_550' title='bbox 2077 4944 2202 5001; x_wconf 88' lang='lat' dir='ltr'>Hoc</span> <span class='ocrx_word' id='word_1_551' title='bbox 2256 4963 2317 5003; x_wconf 87' lang='lat' dir='ltr'>m</span> <span class='ocrx_word' id='word_1_552' title='bbox 2367 4965 2499 5017; x_wconf 64' lang='lat' dir='ltr'>per«-</span> <span class='ocrx_word' id='word_1_553' title='bbox 2598 4945 2677 5003; x_wconf 87' lang='lat' dir='ltr'>est</span> <span class='ocrx_word' id='word_1_554' title='bbox 2716 4965 2918 5018; x_wconf 70' lang='lat' dir='ltr'>igitur,</span> <span class='ocrx_word' id='word_1_555' title='bbox 2966 4970 3025 5008; x_wconf 87' lang='lat' dir='ltr'>ut</span> <span class='ocrx_word' id='word_1_556' title='bbox 3074 4971 3191 5010; x_wconf 85' lang='lat' dir='ltr'>cum</span> <span class='ocrx_word' id='word_1_557' title='bbox 3228 4953 3535 5018; x_wconf 85' lang='lat' dir='ltr'>Gulielmio</span> <span class='ocrx_word' id='word_1_558' title='bbox 3569 4951 3900 5020; x_wconf 68' lang='lat' dir='ltr'>sententiam</span> <span class='ocrx_word' id='word_1_559' title='bbox 3936 4973 4057 5016; x_wconf 66' lang='lat' dir='ltr'>rea--</span> 
     </span>
    </p>
   </div>
  </div>
 </body>
</html>
