4359 6321
1057 401 2422 501 ORATORIBUS.

309 529 660 625 partiretur
709 537 936 593 tecum
985 526 1260 607 causas,
1310 514 1526 610 (saepe
1571 521 1760 588 enim
1811 523 2130 609 interfui)
2192 524 2531 613 perorandi
2582 526 2809 597 locum
2848 576 2869 613 ,
2916 440 3303 621 ut33piurit·

307 652 500 701 mum
553 624 762 715 pollet
811 622 1058 709 orati0,
1111 624 1362 713 semper
1413 620 1528 687 tibi
1583 620 2034 711 relinquebat.
2092 626 2393 695 Faciebat
2446 630 2561 697 ille
2609 630 2918 720 quidem,
2969 630 3291 717 inquam.-

308 736 380 803 &
439 729 652 813 mihi,
700 724 1148 794 benevolentia
1185 774 1208 811 ,
1258 722 1501 807 credo,
1549 720 1794 791 ductus
1833 776 1855 809 ,
1903 724 2228 793 tribuebat
2278 732 2545 797 omnia.
2600 732 2727 799 Sed
2774 750 2905 821 ego
2946 783 2968 820 ,
3019 750 3163 819 quae
3212 730 3298 797 de

299 852 414 901 me
467 830 690 919 populi
745 828 822 895 fit
871 828 1096 914 opinio
1137 876 1162 911 ‚
1231 822 1506 896 nesci02
1557 821 1642 889 de
1692 826 1963 914 reliquis
2015 826 2146 893 hoc
2198 829 2453 897 affirmo
2490 884 2513 916 ‚
2584 833 2699 921 qui
2750 832 2941 921 vulgi
2994 830 3305 919 opinione

298 931 691 1002 disertiffimi
743 925 946 996 habiti
1003 925 1124 993 fint
1161 976 1182 1009 ,
1249 921 1518 989 eosdem
1573 922 2090 1013 intelligentium
2143 949 2401 1017 quoque
2454 930 2697 1008 iudicio
2746 930 2929 1001 fuisse
2981 930 3301 1021 probatis-

303 1031 545 1099 fimes.
597 1036 744 1100 Nec
793 1033 975 1099 enim
1028 1027 1224 1115 poffet
1275 1022 1450 1091 idem
1471 1023 1943 1093 Demosthenes
1996 1028 2261 1114 dicere,
2311 1030 2483 1120 quod
2532 1030 2759 1098 dixiffe
2809 1034 3301 1105 Antimachum

301 1133 607 1201 Clarium
659 1145 918 1220 poetam
973 1128 1240 1210 ferunt,
1289 1125 1449 1215 qui,
1495 1146 1655 1192 cum
1711 1178 1732 1210 ,
1781 1131 2159 1197 convocatis
2216 1132 2661 1216 auditoribus,
2712 1130 2958 1219 legeret
3006 1137 3099 1203 eis
3155 1154 3301 1203 ma-

298 1254 520 1322 gnum
573 1232 789 1316 illud,
837 1229 1018 1324 quod
1071 1225 1384 1310 novistis,
1441 1225 1770 1295 volumen
1795 1226 2033 1314 suum,
2081 1232 2154 1298 &
2210 1251 2367 1299 eum
2418 1232 2761 1322 legentem
2810 1251 3085 1317 omnm,
3139 1257 3303 1323 prae·

301 1352 398 1405 ter
455 1334 800 1403 Platonem
842 1384 864 1418 ,
913 1329 1310 1420 reliquissent
1349 1378 1371 1412 ,
1419 1332 1662 1414 Legum
1702 1380 1722 1413 ,
1769 1328 1988 1420 inquit
2026 1380 2047 1414 ,
2100 1330 2297 1396 nihilo
2350 1340 2614 1400 minus.-
2674 1332 2860 1401 Plata
2908 1342 3087 1399 enim
3137 1332 3301 1401 mibi

299 1458 470 1501 unus
523 1435 726 1515 instar
777 1432 862 1511 est
917 1440 1202 1499 omnium
1255 1428 1540 1495 millium
1587 1476 1602 1494 .
1675 1433 1760 1495 Et
1809 1431 1979 1499 redte
2024 1478 2042 1494 .
2095 1434 2334 1497 Poema
2384 1434 2567 1499 enim
2620 1433 3033 1503 reconditum
3073 1484 3097 1520 ‚
3141 1454 3313 1521 pau-

297 1556 542 1605 corum
595 1533 1052 1623 approbatione
1094 1560 1118 1621 ,-
1191 1531 1404 1599 oratio
1457 1532 1789 1621 popularis
1847 1537 1926 1607 ad
1985 1529 2249 1599 sensum
2304 1533 2495 1621 vulgi
2550 1528 2744 1599 debet
2797 1534 3109 1603 moveri.
3162 1541 3303 1623 At,

302 1634 356 1702 fi
405 1637 688 1703 eundern
739 1638 922 1705 hunc
975 1635 1322 1703 Platonem
1377 1652 1590 1699 unum
1645 1634 2020 1705 auditorem
2070 1630 2343 1703 haberet
2396 1632 2869 1702 Demosthenes
2904 1685 2928 1718 ,
2991 1656 3153 1701 cum
3204 1636 3306 1705 el?-

308 1732 406 1805 set
461 1737 726 1807 relictus
776 1759 814 1804 a
862 1738 1150 1821 caeteriS,
1205 1731 1484 1805 ven-,burn
1535 1736 1756 1803 facere
1809 1758 1944 1806 non
2001 1734 2250 1825 posset.
2302 1736 2485 1821 Quid
2536 1750 2611 1805 tu
2659 1787 2681 1821 ,
2734 1738 2939 1801 Brute
2980 1784 3005 1819 ,
3058 1736 3304 1821 poffes,

309 1832 361 1901 fi
417 1852 520 1923 te,
569 1856 644 1907 ut
697 1840 1058 1907 Curionem
1110 1833 1498 1926 quondam,
1547 1840 1778 1904 concio
1828 1837 2241 1927 reliquisset?
2292 1842 2439 1929 Ego
2498 1858 2697 1923 vero,
2745 1834 3171 1925 inquit-ille,
3221 1854 3299 1904 ut

303 1956 418 2003 me
473 1942 586 2009 tibi
640 1941 928 2013 indicem
967 1990 988 2024 ,
1055 1940 1125 2005 in
1175 1939 1268 2005 eis
1317 1938 1520 2005 etiam
1569 1937 1789 2005 caulis
1827 1990 1850 2025 ,
1903 1940 1974 2006 in
2027 1936 2259 2029 quibus
2311 1940 2531 2007 omnis
2585 1961 2687 2007 res
2741 1935 2927 2005 nobis
2988 1958 3145 2003 cum
3197 1938 3291 2015 jun

299 2035 558 2106 dicibus
607 2041 741 2125 est,
791 2062 926 2107 non
981 2060 1138 2107 cum
1192 2040 1432 2127 populo
1470 2089 1491 2122 ‚
1539 2053 1762 2106 tamen
1819 2040 1866 2105 s1
1921 2060 1960 2106 a
2011 2060 2255 2109 corona
2310 2042 2579 2109 relictus
2634 2039 2755 2107 lim
2794 2092 2817 2126 ‚
2868 2058 3001 2104 non
3053 2058 3299 2127 queam

291 2136 510 2207 dicere
551 2186 566 2204 .
623 2143 723 2209 Ita
780 2140 846 2211 se
885 2192 906 2226 ,
955 2142 1232 2229 inquam
1273 2193 1294 2225 ,
1347 2160 1452 2208 res
1501 2140 1694 2211 habet
1733 2186 1748 2207 .
1827 2143 1922 2205 Ut
1962 2193 1984 2229 ,
2035 2142 2083 2208 fi
2133 2140 2301 2209 tibiae
2353 2141 2598 2209 inflatae
2670 2160 2802 2207 non
2855 2139 3145 2209 referant
3198 2138 3300 2207 so-

293 2258 465 2303 num
503 2292 528 2327 ‚
595 2238 985 2319 abjiciendas
1055 2262 1167 2309 eas
1213 2242 1328 2309 fibi
1384 2240 1620 2309 tibicen
1675 2256 1854 2331 putet
1903 2266 1924 2303 :
2003 2242 2088 2314 fic
2143 2244 2382 2313 oratori
2434 2243 2657 2332 populi
2727 2261 2915 2309 aures
2970 2256 3294 2330 tanquam

291 2337 464 2409 tibiae
519 2342 726 2411 sunt:
795 2366 883 2413 eae
933 2344 980 2411 fi
1033 2340 1350 2411 inflatum
1403 2366 1536 2411 non
1591 2345 1918 2431 recipiunt
1960 2393 1985 2430 ‚
2053 2361 2167 2411 aut
2224 2345 2273 2411 fi
2328 2346 2588 2415 auditor
2642 2344 2919 2423 omnino
2970 2357 3293 2431 tanquam

287 2461 500 2531 equus
547 2465 686 2511 non
739 2444 897 2515 facit
955 2456 1195 2533 (90),
1243 2444 1532 2535 agitandi
1585 2445 1742 2515 finis
1791 2444 2132 2513 faciendus
2184 2446 2310 2515 est.

391 2546 546 2613 LII.
618 2549 766 2615 Hoc
817 2564 1040 2615 tamen
1094 2546 1356 2617 interest
1395 2600 1415 2633 ‚
1489 2550 1663 2637 quod
1731 2552 1982 2636 vulgus
2037 2548 2373 2619 interdum
2425 2572 2559 2617 non
2608 2547 3023 2639 probandum
3074 2559 3291 2611 orato-

283 2662 432 2710 rem
481 2643 762 2733 probat,
830 2648 940 2717 sed
991 2649 1220 2737 probat
1293 2649 1427 2715 fine
1480 2652 1969 2737 comparatione
2003 2703 2026 2733 ,
2091 2674 2253 2719 cum
2307 2673 2345 2718 a
2398 2650 2765 2734 mediocri,
2834 2662 2951 2717 aut
3002 2646 3201 2713 etiam
3252 2664 3297 2709 a

283 2744 468 2811 malo
517 2748 876 2815 delectatur
919 2776 936 2813 z
985 2770 1071 2816 eo
1117 2750 1208 2813 est
1255 2766 1654 2817 contentus:
1709 2751 1832 2819 effe
1883 2752 2125 2817 melius
2177 2774 2313 2819 non
2373 2751 2608 2818 sentit:
2668 2748 2836 2817 illud
2866 2801 2885 2833 ‚
2932 2746 3107 2836 quod
3160 2744 3290 2831 est,

284 2845 770 2939 qualecumque
820 2848 950 2933 est,
1001 2847 1262 2937 probat.
1321 2853 1533 2917 Tenet
1581 2852 1766 2919 enim
1815 2870 2006 2917 aures
2057 2854 2168 2920 vel
2224 2852 2565 2920 mediocris
2614 2868 2881 2935 orator,
2950 2849 3025 2915 fit
3076 2846 3287 2913 modo

284 2946 530 3037 aliquid
582 2950 652 3019 in
700 2972 816 3019 eo:
871 2973 990 3021 nee
1049 2972 1150 3019 res
1203 2950 1348 3017 ulla
1389 2952 1539 3041 plus
1591 2951 1766 3041 apud
1819 2955 2086 3021 animos
2133 2956 2532 3038 hominum,
2580 2973 2788 3044 quam
2838 2950 3001 3018 ordo
3053 2951 3125 3019 <St
3180 2967 3301 3049 or·-

283 3066 483 3115 natus
533 3050 850 3119 orationis
905 3052 1114 3119 valet.
1168 3056 1392 3133 Quare
1441 3053 1588 3140 quis
1640 3075 1730 3127 ex
1779 3057 2069 3142 popum,
2135 3079 2294 3126 cum
2334 3054 2815 3140 QScaevolam
2865 3072 2985 3139 pro
3036 3051 3135 3116 M.
3156 3054 3287 3115 Co-

285 3150 485 3235 ponio
535 3150 864 3220 dicentem
917 3153 1168 3216 audiret
1224 3152 1288 3213 in
1341 3171 1418 3214 ea
1471 3148 1670 3218 causa
1705 3208 1728 3238 ‚
1775 3154 1854 3220 de
1905 3177 2038 3242 qua
2089 3176 2241 3224 ante
2296 3156 2487 3240 dixi,
2534 3154 2894 3243 quidquam
2944 3150 3213 3240 politius
3262 3200 3291 3231 ,

284 3265 400 3316 aut
451 3249 820 3340 elegantius
856 3302 878 3336 ‚
930 3266 1048 3316 aut
1093 3251 1368 3316 omnino
1419 3249 1658 3316 melius
1735 3269 1846 3318 aut
1911 3255 2312 3341 exspectaret
2353 3304 2373 3337 ,
2441 3270 2556 3320 aut
2642 3253 2813 3338 poffe
2882 3251 3025 3316 fieri
3096 3265 3284 3333 puta-

284 3353 444 3418 ret?
503 3357 679 3420 Cum
749 3355 805 3420 is
875 3352 1000 3418 hoc
1071 3347 1342 3439 probare
1411 3348 1614 3416 vellet
1655 3401 1676 3436 ,
1745 3353 1866 3419 M’.
1921 3356 2247 3438 Curium,
2312 3372 2469 3418 cum
2542 3355 2634 3420 ita
2686 3351 2875 3416 heres
2944 3348 3281 3414 institutus
3360 3384 3365 3390 ·

281 3452 430 3520 esset
471 3505 496 3538 ,
563 3454 608 3520 fi
663 3454 955 3544 pupillus
1005 3467 1158 3520 ante
1209 3470 1518 3520 mortuus
1561 3451 1756 3540 effet,
1823 3474 2026 3543 quam
2080 3454 2146 3520 in
2204 3453 2393 3520 suam
2444 3450 2726 3520 tutelam
2782 3445 3047 3534 veniffet
3095 3495 3119 3532 ,
3168 3468 3287 3532 pu·-

281 3553 448 3642 pillo
497 3577 632 3624 non
689 3573 844 3625 nato
891 3553 1208 3622 heredem
1260 3552 1381 3620 effe
1431 3573 1566 3620 non
1618 3553 1790 3642 pofl'e
1833 3579 1856 3618 .-
1932 3555 2086 3645 quid
2139 3555 2255 3622 ille
2308 3575 2441 3622 non
2494 3552 2659 3620 dixit
2728 3549 2813 3618 de
2864 3546 3287 3618 testamento-

281 3675 434 3724 rum
489 3658 690 3735 jure?
739 3656 824 3728 de
874 3656 1158 3746 antiquis
1208 3654 1574 3722 formulis?
1630 3657 1790 3746 quid
1833 3709 1855 3745 ,
1905 3655 2470 3748 quemadmodum
2526 3649 2715 3720 scribi
2764 3647 3181 3742 oportuisset,
3232 3647 3285 3716 fi

279 3758 491 3824 etiam
539 3757 686 3830 filio
735 3775 1088 3856 non⁴nato
1136 3756 1325 3826 heres
1375 3755 1822 3828 institueretur
1850 3762 1887 3823 ,ἓ
1943 3764 2172 3844 Quam
2214 3757 2581 3846 captiosum
2632 3753 2752 3820 effe
2772 3751 3014 3843 populo
3042 3802 3063 3836 ‚
3108 3747 3291 3837 quod,

278 3860 598 3947 scriptum
647 3861 795 3928 effer
827 3911 850 3944 ,
924 3859 1240 3949 negligi,
1318 3861 1388 3927 δε
1443 3859 1752 3945 opinione
1801 3862 2006 3950 quaeri
2079 3859 2510 3944 voluntates;
2566 3857 2637 3922 ὃ(
2710 3850 3292 3941 interpretationes

273 3957 666 4034 disertorum
705 4011 728 4049 ,
797 3959 1035 4048 stripta
1091 3959 1484 4045 simplicium
1537 3959 1896 4029 hominum
1966 3960 2405 4048 pervertere?
2477 3963 2705 4042 Qam
2758 3955 2871 4022 ille
2922 3951 3135 4022 multa
3202 3950 3289 4020 de

275 4061 660 4132 auftoritate
714 4062 913 4151 patris
967 4062 1068 4128 sui
1107 4111 1128 4146 ,
1198 4061 1312 4148 qui
1367 4058 1618 4146 semper
1673 4061 1776 4139 jus
1825 4061 2000 4130 illud
2048 4061 2172 4128 effe
2226 4058 2676 4128 defenderat?
2731 4077 2935 4146 quam
3004 4053 3289 4121 omnino

277 4165 488 4232 multa
540 4165 626 4234 de
676 4163 1126 4236 conservando
1177 4160 1324 4241 iure
1374 4160 1622 4229 civili?
1679 4166 1848 4246 Qae
1899 4161 2168 4254 quidem
2220 4163 2443 4230 omnia
2495 4179 2653 4228 cum
2674 4159 2925 4246 perite,
2972 4153 3279 4226 &scien-

3030 4275 3181 4340 ter,

289 4455 3267 4516 mm

343 4607 509 4672 (90')
580 4607 708 4658 Aut
747 4601 804 4674 fi
862 4603 1088 4660 auditor
1147 4605 1367 4660 omnim
1422 4615 1710 4678 tanquam
1849 4619 1974 4660 men
2013 4602 2223 4675 adeptae
2262 4599 2422 4666 sunt,
2462 4599 2521 4657 in
2559 4599 2707 4658 circo
2726 4617 2952 4673 quatuor
2990 4611 3181 4674 erant:
3216 4594 3279 4647 δε

285 4695 457 4750 equus
497 4693 606 4730 non
643 4673 850 4752 facit.)
885 4674 956 4730 Id
995 4673 1110 4732 fine
1146 4674 1300 4733 omni
1339 4674 1510 4744 gratia
1559 4673 1718 4746 lepo-
1849 4673 1910 4731 in
1955 4674 2072 4734 lusu
2109 4675 2240 4756 pilae
2276 4673 2513 4745 failores
2548 4675 2709 4730 etiarn
2752 4673 2964 4750 Plautus
2999 4668 3158 4746 drent-
3202 4667 3281 4719 F.-

287 4764 456 4816 reque
494 4743 706 4799 dietum
744 4743 962 4800 videtui*
995 4765 1008 4800 :
1055 4743 1148 4802 sed
1184 4751 1242 4804 ὅ(
1281 4745 1430 4806 varie
1481 4747 1722 4819 explica-
1849 4751 2010 4818 q'uum
2054 4746 2223 4818 igitur
2260 4764 2397 4818 puto
2435 4765 2549 4803 non
2588 4743 2801 4822 facere,
2876 4761 2925 4797 ιιι
2950 4753 3146 4821 aungae
3162 4749 3278 4788 non

294 4835 384 4873 tur
421 4854 436 4870 .
491 4821 610 4883 Ego
647 4832 717 4870 ne
755 4831 910 4886 quem
948 4815 1351 4886 reprehendam
1387 4858 1406 4884 ,
1457 4819 1550 4891 qui
1593 4815 1720 4876 satis
1849 4827 2004 4890 paret
2044 4842 2063 4874 .·
2122 4835 2223 4875 nec
2262 4817 2533 4874 curriculo
2566 4833 2799 4893 corripit
2858 4829 3065 4883 patrum
3106 4845 3123 4870 2
3179 4821 3281 4882 ΜΡ

271 4885 394 4962 ipse
432 4903 600 4958 pecco
641 4927 660 4952 ,
710 4904 772 4944 ut
821 4884 1077 4944 censores
1129 4890 1310 4960 petius
1363 4887 1582 4962 fatigare
1619 4888 1717 4948 de·
1849 4889 2070 4961 adjuvat
2125 4889 2183 4948 in
2222 4907 2429 4962 partem
2484 4887 2553 4946 ad
2604 4889 2930 4967 uretur-ram:
2974 4878 3067 4938 sed
3102 4873 3283 4954 segnis

275 4965 462 5024 bearn,
487 4975 654 5030 quam
690 4957 752 5016 in
789 4959 916 5017 aliis
953 4955 1239 5016 censendis
1275 4980 1365 5018 me
1400 4980 1657 5034 occupare
1695 4983 1710 5018 :
1849 4965 1905 5017 δε
1946 4980 2172 5032 ignavus
2211 4961 2287 5016 est
2308 4999 2325 5025 ,
2364 4979 2465 5016 nec
2502 4958 2673 5015 sentit
2696 4951 2968 5016 stimulos,
3005 4969 3103 5006 nec
3140 4965 3282 5006 aur-1-

272 5051 407 5110 puto
433 5029 623 5105 facere
661 5031 890 5089 verbum
927 5028 1030 5090 else
1065 5027 1344 5090 circense:
1383 5033 1528 5104 quod
1564 5051 1716 5092 exeo
1836 5053 1964 5104 -garn
2003 5031 2189 5090 audit.
2223 5029 2469 5090 Turneb.
2498 5023 2740 5088 Advers.
2778 5041 2908 5080 xrv.
2948 5041 3039 5090 ιζ·

271 5121 524 5182 apparet,
559 5102 680 5176 quia
717 5103 989 5174 samona
1028 5143 1048 5172 ,
1085 5122 1205 5178 quae
1243 5122 1272 5162 a
1299 5102 1560 5176 faciendo
1612 5123 1718 5162 n0--v
2528 5101 2575 5138 Ν
