4359 6321
871 426 1491 517 LlBER
1615 422 2745 525 SECUNDUS.
3082 466 3259 558 159

345 544 592 613 Debet
643 545 824 615 enim
867 542 964 613 -ad
1019 566 1164 614 eam
1217 543 1928 637 laudandam‚.ipsam
1981 544 2170 613 illam
2236 546 2542 618 adhibere
2580 604 2601 639 ‚
2656 571 2855 645 quain
2912 552 3135 623 laudat
3169 607 3189 623 .
3252 560 3377 631 Sed

225 681 248 695 ·
337 666 592 735 perge·
625 670 868 737 porro:
923 646 1039 713 tibi
1087 650 1268 715 enim
1323 647 1680 730 assentior,
1735 645 2028 713 vestrum
2081 646 2218 714 esse
2272 648 2399 719 hoc
2456 668 2677 722 toturn
2722 706 2742 739 ‚
2795 650 3034 721 diserte
3080 654 3303 745 dicere
3352 715 3375 749 ,

321 746 568 835 idque
621 751 668 817 si
721 754 866 840 quis
917 748 986 813 ia
1036 746 1162 841 alia
1215 766 1356 817 arte
1409 747 1655 834 faciat,
1705 769 1864 815 eum
1917 746 2253 835 assumpto
2306 752 2574 823 aliunde
2606 756 2725 822 'uti
2780 754 2999 843 bon0‚
3050 772 3185 845 non
3226 778 3373 847 pro-

311 850 548 936 pri0‚
600 874 726 919 nec
777 851 927 919 suo·

451 953 558 1017 At
607 953 924 1040 CrassuS,
976 955 1131 1020 Nox
1189 969 1298 1037 te,
1345 950 1566 1039 inquit
1590 1004 1626 1036 ‚,
1661 950 1892 1034 nobie,
1941 952 2241 1040 Antoni,
2290 954 2651 1047 expolivit,
2702 960 3187 1051 hominemque
3224 960 3367 1028 red-

309 1050 564 1119 didit<
621 1077 784 1123 nam
835 1053 1137 1123 hesterno
1202 1051 1504 1140 sermone
1573 1053 1772 1121 unius
1844 1051 2189 1129 cujusdam
2244 1061 2460 1142 operis
2506 1109 2527 1144 ‚
2601 1074 2681 1125 ur.
2750 1059 2839 1125 ait
2913 1071 3114 1151 (13)
3164 1064 3366 1130 Caeci-

306 1150 528 1240 lius,
575 1160 906 1247 remigem
961 1157 1296 1246 aliquem,
1346 1170 1458 1221 aut
1511 1151 1875 1238 bajulum,
1927 1154 2112 1223 nobis
2163 1172 2489 1227 oratorem
2542 1156 2965 1247 descripseras
3008 1214 3027 1245 ,
3096 1166 3357 1251 inopem

305 1257 692 1343 quendam
747 1257 1228 1341 humanitatis,
1277 1271 1470 1345 atque
1521 1254 1965 1327 inurbanum.
2640 1343 2645 1347 ·
3220 1284 3229 1295 ·

443 1360 644 1441 Tum
695 1361 1076 1445 AntoniuS,
1123 1360 1286 1425 Heri
1335 1358 1518 1425 enim
1559 1410 1580 1445 ,
1651 1356 1869 1447 inquit
1911 1408 1931 1441 ,
2011 1356 2133 1425 hoc
2186 1362 2351 1429 mihi
2401 1360 2864 1451 proposueram
2902 1414 2924 1447 ,
2996 1374 3071 1427 ut
3111 1414 3135 1449 ,
3191 1362 3235 1430 fi
3286 1380 3352 1433 te

305 1457 725 1529 refellissem
765 1512 786 1545 ‚
857 1464 976 1529 hos
1033 1481 1071 1525 a
1127 1476 1191 1526 te
1247 1458 1600 1551 discipulos
1651 1457 2098 1526 abducerem:
2173 1486 2353 1533 nunc
2409 1516 2431 1548 ‚
2498 1462 2739 1529 Catulo
2816 1462 3131 1531 audiente
3184 1518 3205 1551 ‚
3274 1465 3347 1535 δε

301 1557 642 1649 Caesare,
694 1560 922 1630 videor
976 1560 1214 1630 debere
1265 1583 1398 1629 non
1457 1578 1598 1627 tarn
1653 1580 1953 1651 pugnare
2007 1578 2233 1633 tecum
2278 1620 2299 1654 ‚
2341 1584 2585 1657 quam,
2637 1564 2795 1652 quid
2848 1562 2979 1648 ipse
3025 1565 3350 1655 sentiam,

297 1660 594 1729 dicere.
654 1666 960 1755 Sequitur
1003 1666 1216 1753 igitur
1255 1718 1278 1751 ‚
1347 1664 1666 1753 quoniam
1720 1663 1905 1729 nobis
1953 1662 2046 1729 est
2093 1664 2203 1735 hic
2244 1722 2263 1755 ‚
2336 1667 2419 1734 de
2472 1686 2605 1753 quo
2657 1664 2995 1753 loquimur
3035 1717 3055 1748 ,
3126 1668 3193 1731 in
3250 1669 3345 1733 fo..

307 1782 458 1844 ro,
512 1778 708 1853 atque
758 1769 828 1833 in
877 1768 1091 1841 oculis
1142 1766 1392 1831 civium
1445 1762 1983 1849 constituendus,
2035 1782 2108 1833 ut
2161 1769 2506 1835 videamus
2546 1820 2565 1850 ‚
2615 1766 2769 1854 quid
2822 1766 2879 1831 ei
2936 1766 3181 1852 negotii
3234 1766 3347 1835 de..

309 1880 498 1929 mus
545 1910 565 1943 ,
633 1866 874 1950 cuique
933 1886 1096 1933 eum
1165 1867 1426 1933 muneri
1481 1864 1764 1933 velimus
1817 1865 1937 1932 effe
1987 1869 2400 1955 praepofitum
2450 1916 2467 1933 .
2542 1871 2721 1933 Nam
2790 1866 3053 1934 craffus
3122 1868 3265 1933 heri
3318 1922 3340 1954 ,

305 1981 507 2025 cum
561 1984 718 2046 νος,
767 1962 1009 2031 Catule
1055 1964 1128 2031 <Sc
1184 1962 1440 2047 Caesar,
1491 1964 1560 2031 &
1618 1986 1750 2029 non
1803 1966 2091 2031 adessetis
2129 2019 2148 2049 ‚
2203 1968 2418 2057 posuit
2469 1968 2744 2033 breviter
2802 1967 2867 2031 in
2924 1970 3079 2033 artis
3128 1966 3339 2033 distri--

303 2057 608 2125 butione
663 2064 880 2150 idem,
929 2062 1108 2152 quod
1163 2063 1378 2129 Graeci
1434 2062 1729 2151 plerique
1783 2063 2136 2149 posuerunt
2184 2090 2204 2130 ι
2280 2088 2493 2154 neque
2550 2066 2703 2130 sane
2754 2065 2910 2152 quid
2967 2066 3097 2151 ipse
3148 2065 3338 2131 senti·-

301 2175 482 2243 ret,
537 2157 642 2227 sed
691 2165 854 2250 quid
907 2161 988 2229 ab
1037 2164 1172 2229 illis
1223 2160 1594 2246 diceretur,
1643 2162 1959 2247 ostendit:
2010 2162 2142 2229 duo
2194 2166 2407 2248 prima
2456 2184 2703 2251 genera
2755 2166 3187 2251 quaestionum
3237 2164 3332 2232 ess

297 2261 429 2343 se,
487 2258 555 2325 in
609 2262 850 2349 quibus
897 2264 1274 2354 eloquenti-a
1331 2263 1740 2349 versaretur,
1793 2284 2008 2346 unum
2058 2261 2403 2333 infinitum
2444 2317 2465 2349 ,
2520 2264 2803 2330 alterum
2856 2280 3153 2331 certum.

423 2360 789 2431 Infinitum
845 2364 1006 2431 mihi
1059 2361 1398 2431 videbatur
1471 2364 1540 2431 id
1607 2364 1824 2431 dicere
1882 2416 1902 2448 ‚
1972 2363 2040 2455 in
2109 2385 2242 2451 quo
2311 2360 2562 2455 aliquid
2636 2365 3009 2454 generatim
3084 2384 3330 2452 quaere-

293 2476 512 2527 retur
555 2514 574 2546 ,
641 2464 768 2531 hoc
839 2467 1095 2533 modo:
1174 2464 1647 2552 Expetendane
1715 2464 1865 2529 effer
1931 2462 2315 2553 'eloquentia
2372 2490 2390 2531 ι
2446 2463 2907 2551 expetendine
2994 2462 3329 2533 honores,

289 2565 603 2628 Certum
659 2584 878 2633 autem
927 2622 946 2652 ,
1019 2569 1086 2633 in
1139 2588 1269 2655 quo
1327 2566 1501 2657 quid
1554 2566 1624 2631 in
1679 2564 1974 2654 personis
2019 2618 2038 2649 ,
2112 2568 2183 2633 &
2267 2564 2335 2631 in
2413 2565 2767 2633 constituta
2840 2586 2907 2629 re
2950 2617 2969 2649 ‚
3040 2567 3109 2632 &
3168 2565 3331 2632 defi-

292 2664 452 2730 nita
515 2668 970 2752 quaereretur:
1039 2667 1414 2745 cujusmodi
1467 2666 1618 2736 sunt
1653 2718 1672 2751 ‚
1742 2688 1883 2755 quae
1953 2666 2022 2733 in
2081 2664 2232 2731 foro
2270 2718 2292 2751 ,
2365 2684 2559 2757 atque
2612 2667 2679 2731 in
2733 2665 2985 2732 civium
3038 2664 3249 2731 causis
3298 2720 3323 2751 ‚

287 2762 1031 2861 disceptationibusque
1081 2768 1479 2835 versantur.
1539 2768 1633 2831 Ea
1687 2766 1850 2833 mihi
1907 2765 2211 2833 videntur
2267 2785 2383 2836 aut
2440 2770 2505 2834 in
2562 2766 2685 2833 lite
2734 2764 3095 2833 ordinanda
3138 2818 3159 2849 ‚
3213 2784 3326 2833 aut

285 2864 370 2931 in
431 2866 714 2937 consilio
781 2870 1000 2939 dando
1063 2872 1186 2938 effe
1237 2872 1439 2957 posita
1483 2916 1500 2935 .
1575 2870 1754 2933 Nam
1826 2866 1996 2943 illud
2051 2870 2327 2938 tertium
2368 2922 2387 2956 ‚
2458 2864 2634 2959 quod
2713 2869 2783 2937 &
2864 2884 2901 2930 a
2953 2865 3175 2931 Crasso
3226 2883 3322 2931 ta-

289 2966 502 3033 stum
554 2969 645 3033 est
687 3022 706 3055 ‚
757 2974 826 3041 &
881 3024 901 3057 ,
949 2989 1024 3043 ut
1075 2971 1306 3056 audio,
1356 2971 1470 3051 ille
1517 2972 1650 3057 ipse
1699 2968 2139 3063 AristotelesQ
2173 2970 2289 3059 qui
2338 2972 2476 3037 haec
2530 2967 2827 3035 maxime
2879 2964 3238 3035 illustravit
3300 3020 3322 3055 ‚

293 3065 675 3151 adjunxit,
724 3071 975 3135 etiamsi
1028 3093 1191 3157 opus
1242 3071 1374 3153 est,
1427 3089 1648 3137 tamen
1703 3073 1925 3139 minus
1977 3070 2068 3135 est
2121 3070 2586 3139 necessarium.

411 3164 760 3246 Qidnam
797 3169 839 3228 i?
908 3170 1122 3257 inquit
1175 3172 1456 3238 Catulus
1495 3221 1515 3255 ‚
1582 3192 1669 3239 an
1717 3171 2134 3237 laudationes
2186 3171 2210 3234 ἓ
2284 3169 2347 3235 id
2396 3174 2579 3239 enim
2637 3168 2820 3236 video
2869 3169 3028 3256 poni
3096 3189 3311 3260 genus
3380 3246 3408 3274 s

293 3279 636 3332 tertium.
844 3275 860 3291 ⁶

408 3368 540 3430 XI.
603 3371 705 3434 Ita
748 3419 768 3451 ‚
837 3368 1047 3456 inquit
1117 3369 1509 3450 Antonine,
1577 3370 1648 3439 δε
1721 3369 1792 3432 in
1840 3391 1921 3436 eo
1989 3366 2269 3454 quidem
2342 3387 2588 3454 genere
2664 3363 2795 3430 scio
2870 3365 2940 3430 ἃ
2998 3382 3107 3428 me
3156 3415 3177 3446 ‚
3236 3367 3308 3431 δε

283 3483 553 3536 ‘ornnes
589 3520 609 3553 ,
679 3469 793 3557 qui
847 3471 1176 3536 affuerunt
1209 3522 1238 3554 .‚
1309 3467 1670 3536 delectatos
1717 3467 1838 3537 effe
1897 3467 2320 3532 vehementer
2362 3519 2383 3552 ‚
2449 3485 2607 3532 cum
2678 3461 2789 3528 abs
2845 3478 2909 3527 te
2976 3459 3070 3526 est
3123 3463 3309 3548 Popi-

293 3569 390 3636 lia
437 3621 459 3653 ‚
533 3587 740 3632 mater
792 3570 997 3636 vestra
1038 3622 1058 3655 ,
1129 3567 1389 3636 laudata
1431 3595 1452 3656 ‚·
1523 3569 1633 3638 cui
1684 3570 1977 3656 primum
2031 3567 2295 3633 mulieri
2344 3567 2529 3634 hunc
2585 3565 2907 3632 honorem
2960 3563 3031 3626 in
3086 3559 3306 3628 nostra

287 3671 580 3736 civitate
630 3669 952 3736 tributum
1005 3688 1216 3759 puto:
1289 3669 1392 3736 sed
1461 3691 1597 3734 non
1643 3673 1881 3758 omnia
1939 3721 1960 3752 ‚
2029 3685 2465 3756 quaecumque
2518 3667 2855 3754 loquimur
2895 3714 2915 3747 ,
2964 3661 3149 3726 mihi
3208 3665 3305 3728 vi·-

287 3771 550 3836 dentur
607 3771 682 3834 ad
741 3789 944 3842 artem
1003 3775 1072 3840 ὃ(
1150 3771 1234 3836 ad
1303 3788 1617 3858 praecepta
1687 3770 1813 3836 effe
1867 3765 2245 3834 revocanda
2285 3816 2299 3830 .
2377 3769 2477 3829 Ex
2530 3766 2633 3832 his
2688 3767 2864 3832 enim
2937 3759 3232 3831 fontibus
3282 3816 3304 3848 ‚

287 3871 488 3938 unde
541 3872 768 3935 omnia
819 3890 1047 3937 ornate
1098 3871 1354 3938 dicendi
1424 3887 1742 3958 praecepta
1815 3869 2166 3936 sumuntur
2209 3919 2230 3952 ‚
2298 3864 2521 3934 licebit
2572 3865 2775 3932 etiam
2851 3863 3304 3934 laudationem

289 3991 539 4038 ornare
580 4023 598 4055 ‚
672 3993 884 4060 neque
937 3974 1050 4039 illa
1120 3974 1446 4039 elementa
1497 3971 1858 4038 desiderare
1889 4023 1917 4054 ,
1984 3991 2126 4058 quae
2176 3983 2251 4034 ut
2309 3987 2506 4034 nemo
2554 3965 2777 4032 tradat
2822 4018 2842 4050 ‚
2912 3965 3061 4056 quis
3131 3963 3225 4031 est
3272 4018 3295 4054 ,

285 4073 424 4163 qui.-
467 4074 716 4140 nesciat
759 4121 778 4158 ,
845 4095 986 4163 quae
1055 4071 1182 4141 fint
1229 4076 1302 4140 in
1335 4072 1640 4140 ‘homine
1691 4070 2020 4140 laudanda
2059 4071 2084 4135 ἲ
2167 4067 2403 4142 Positis
2454 4071 2637 4136 enim
2688 4069 2767 4133 iis
2814 4065 3009 4135 rebus
3048 4119 3067 4149 ,
3138 4087 3301 4158 quas

3012 4171 3203 4236 Cras?-

317 4353 3293 4414 W

353 4500 518 4566 (13)
563 4495 876 4558 Caectlaus)
931 4493 1178 4555 Natione
1233 4487 1456 4562 insuper
1509 4491 1744 4555 GalluS,
1805 4507 1946 4544 .xv.
1980 4505 2093 4556 cap.
2129 4505 2220 4554 ²4·
2280 4480 2407 4561 Ipse
2462 4481 2677 4539 Tullius
2734 4481 2827 4561 libr
2880 4479 2947 4536 de
3001 4501 3117 4550 opt.
3168 4499 3294 4550 gen.

286 4565 624 4636 profellione
662 4563 896 4623 comicus
972 4585 1126 4624 oeta.
1166 4563 1333 4642 Quod
1371 4561 1556 4620 serviis
1613 4559 1746 4618 fuis·
1847 4559 2012 4637 Orat.
2049 4576 2168 4627 cap.
2230 4575 2275 4611 r.
2316 4553 2535 4610 videtui·
2596 4551 2697 4624 ipfi
2746 4572 2977 4624 primum
3015 4571 3294 4629 interro*

284 4636 397 4702 set,
439 4635 652 4694 servile
689 4657 890 4696 nomen
973 4639 1120 4696 abuit
1161 4642 1378 4694 Statius
1407 4679 1424 4701 ‚
1471 4653 1532 4691 ut
1588 4650 1741 4690 notat
1843 4648 2013 4687 micos
2065 4629 2241 4684 locum
2291 4623 2415 4682 dare
2452 4665 2469 4684 .
2536 4627 2683 4704 Sane·
2727 4624 2867 4695 apud
2920 4625 3193 4684 Nonium·
3230 4639 3293 4678 in.

283 4709 503 4765 Gellius
548 4707 642 4762 lib.
689 4727 775 4764 iv.
815 4729 928 4780 cap.
953 4733 1036 4766 20.
1081 4709 1242 4767 Vixit
1281 4713 1474 4768 Romae
1501 4749 1515 4772 ‚
1555 4711 1610 4763 &
1651 4725 1744 4761 co·-
1848 4701 2018 4762 verbo
2047 4696 2253 4777 poscere
2290 4703 2466 4782 Vari-o
2502 4714 2867 4780 principatum
2910 4715 2963 4750 iii
3005 4711 3295 4762 argumen-

285 4780 506 4838 moediae
553 4779 808 4850 princeps
831 4781 1060 4839 habitus
1098 4781 1174 4838 est
1213 4800 1366 4839 aetate
1403 4778 1492 4838 sua
1528 4822 1546 4839 ..
1605 4786 1744 4840 Eum
1847 4777 1914 4836 tis
1931 4777 2170 4836 Caeci'lio
2207 4773 2361 4832 dedit
2386 4783 2505 4861 ,nm
2540 4786 2882 4852 argumentis
2930 4765 3171 4850 Cacilms
3198 4775 3295 4834 po-

283 4852 417 4907 licct
475 4849 618 4906 dicat
678 4849 887 4908 Cicero
942 4853 1141 4912 malum
1198 4855 1506 4912 Latinitatis
1557 4855 1742 4910 aufto-
1844 4847 1952 4915 scit
1978 4851 2276 4920 palmam,
2304 4855 2369 4902 m
2404 4851 2573 4926 πᾶα-ι
2606 4849 2929 4918 Ter-erictus,
2978 4856 3038 4890 Μ
3085 4830 3294 4902 [ηὔθ-

287 4940 404 4977 rem
435 4963 452 4986 ‚
503 4939 686 4977 tamen
725 4925 774 4978 ei
815 4924 1011 4996 primas
1074 4927 1222 4986 inter
1279 4927 1512 4984 comicos
1549 4925 1745 4984 tribuit
1846 4922 2017 4978 nibus
2057 4923 2329 4978 Plautus.
2368 4921 2589 4978 Claruit
2630 4909 2889 4972 Caecilms
2926 4925 3073 4962 anno
3114 4901 3294 4962 U.c.

287 4993 574 5052 volcatius
630 4994 894 5069 Sedigitas
924 5040 942 5067 ,
998 4999 1144 5072 quod
1202 4997 1370 5058 refert
1407 4999 1624 5058 ocinus
1662 4999 1754 5057 nb.
1858 4995 2215 5054 mxxvii.
2254 4993 2350 5052 De
2380 4991 2481 5050 iiio
2514 4989 2672 5062 ptura
2708 4977 2955 5058 voffius·
2993 4974 3184 5036 ldm-
