4359 6321
851 377 1472 478 LIBER
1591 383 2673 478 „rnen-Nous.
3046 415 3177 509 ⁷7

323 525 556 584 omnes
605 504 679 574 in
729 507 1206 578 consuetudine
1257 505 1581 574 sermonis
1633 503 1720 574 fic
1767 509 1866 574 uti
1923 503 2134 574 solent
2182 525 2263 572 eo
2317 504 2521 574 verbo
2566 525 2701 572 uno
2736 555 2759 590 ‚
2808 503 3181 592 pluribusve
3230 511 3309 583 in

319 607 820 695 eestntentia,
875 611 946 676 in
993 627 1126 697 qua
1179 609 1296 693 is,
1291 608 1460 698 ·qui
1509 606 1750 691 dicet,
1820 603 2271 693 accipiendum
2318 606 2439 676 effe
2490 604 2999 676 demonstrabit.
3018 611 3309 686 ,Deinde

311 733 396 780 ex
446 708 822 802 superiore,
872 710 942 780 δι
994 728 1085 777 ex
1133 708 1446 778 inferiore
1494 707 1818 798 scriptura
1879 708 2300 791 docendum,
2346 707 2454 792 id,
2504 707 2681 799 quod
2730 723 3102 798 quaeratur,
3149 709 3337 780 fieri.

308 809 734 901 perspicuum
767 855 788 878 .
849 815 1101 895 .Qare
1151 811 1202 878 fi
1251 807 1388 898 ipsa
1457 807 1808 899 separatim
1875 829 1958 876 ex
2033 807 2099 877 se
2150 805 2351 876 verba
2420 810 2910 878 considerentur
2946 861 2967 895 ,
3016 811 3245 880 onmia
3277 863 3304 897 ‚

309 927 432 980 aut
479 914 830 1003 pleraque,
881 910 1195 1002 ambigua
1245 910 1472 978 visum
1523 912 1644 978 iri.
1701 913 1869 994 Quae
1920 925 2144 978 autem
2194 930 2277 978 ex
2329 911 2517 977 omni
2559 909 2959 979 confiderata
3030 911 3303 1001 scriptu-

307 1033 384 1080 ra
437 1011 774 1103 perspicua
823 1012 994 1080 fiant
1027 1066 1050 1099 ,
1121 1011 1258 1082 haec
1310 1007 1623 1101 ambigua
1694 1033 1828 1079 non
1880 1026 2178 1100 oportere
2226 1009 2579 1084 existimari
2617 1058 2636 1077 .
2708 1011 2965 1078 Deinde
3030 1035 3196 1102 que.
3230 1016 3305 1085 in

313 1113 634 1184 sententia
697 1116 970 1203 scriptor
1023 1114 1272 1199 fuerit,
1321 1133 1408 1180 ex
1461 1114 1712 1182 caeteris
1757 1112 1910 1190 ejus
1962 1111 2207 1200 scriptis
2238 1164 2259 1198 ,
2310 1111 2543 1198 factis,
2586 1109 2775 1178 dictis
2810 1162 2832 1195 ,
2884 1113 3152 1200 animo,
3206 1131 3301 1181 at.

320 1234 452 1303 que
500 1219 639 1284 vita
692 1217 832 1295 ejus
887 1218 1057 1284 sumi
1109 1211 1464 1304 oportebit,
1515 1217 1588 1284 δι’.
1643 1233 1795 1282 eam
1843 1211 2052 1301 ipsam
2105 1211 2535 1300 scripturam,
2576 1212 2645 1278 in
2696 1232 2827 1302 qua
2880 1213 3077 1280 inerit
3130 1214 3297 1280 illud

310 1311 752 1406 ambiguum,
802 1315 882 1383 de
932 1337 1064 1406 quo
1112 1318 1462 1404 quaeritur,
1513 1331 1728 1382 totam
1775 1311 2082 1381 omnibus
2133 1334 2220 1380 ex
2271 1312 2557 1400 partibus
2604 1327 3013 1398 pertentare,
3066 1315 3299 1405 liquid

241 1423 244 1425 ’
312 1430 432 1485 aut
483 1415 572 1482 ad
623 1415 688 1483 id
741 1415 1107 1504 appositum
1157 1416 1276 1502 fit,
1321 1415 1496 1505 quod
1551 1436 1680 1482 nos
1725 1415 2281 1502 interpretemur,
2334 1431 2449 1480 aut
2496 1415 2557 1481 ei
2595 1461 2617 1496 ,
2662 1413 2839 1502 quod
2888 1413 3302 1488 adversarius

309 1513 644 1604 intelligat
682 1569 703 1602 ,
755 1517 1140 1586 adversetur
1180 1563 1200 1582 .
1249 1521 1428 1584 Nam
1478 1517 1676 1584 facile
1715 1565 1744 1601 ,
1808 1515 1972 1606 quid
2027 1513 2379 1582 verisimile
2452 1514 2527 1580 fit
2576 1534 2731 1580 eum
2786 1514 3051 1582 voluiffe
3090 1567 3111 1600 ,
3181 1519 3306 1604 qu'r

309 1612 610 1704 scriplit,
651 1637 742 1685 ex
793 1620 978 1685 omni
1030 1617 1394 1706 scriptura,
1441 1619 1513 1687 &
1569 1639 1654 1684 ex
1712 1615 1992 1705 persona
2040 1614 2411 1704 striptoris,
2460 1630 2655 1705 atque
2706 1613 2802 1680 iis
2846 1613 3041 1683 rebus
3075 1645 3117 1701 ,·
3148 1639 3293 1706 quae

313 1715 606 1802 personis
653 1716 972 1788 attributae
1024 1718 1222 1803 sunt,
1267 1717 1812 1789 confidetabitur.

418 1814 680 1880 Deinde
727 1819 856 1880 erit
901 1817 1540 1906 demonstrandum,
1605 1819 1654 1884 fi
1703 1819 1862 1906 quid
1923 1838 2017 1884 ex
2061 1818 2201 1908 ipsa
2252 1840 2323 1886 re
2372 1819 2629 1888 dabitur
2680 1819 3019 1888 facultatis
3065 1872 3083 1904 ,
3152 1819 3299 1907 id,

314 1912 496 2002 quod
549 1909 966 1981 adversarius
1020 1915 1418 2002 intelligat,
1483 1916 1702 1982 multo
1771 1919 1996 1984 minus
2043 1921 2389 1986 commode
2438 1921 2583 1987 fieri
2636 1921 2843 2007 poffe,
2896 1942 3097 2010 quam
3147 1921 3293 2008 id,

313 2010 493 2099 quod
541 2032 668 2081 nos
719 2013 1123 2100 accipimus,
1175 2012 1352 2102 quod
1395 1965 1578 2080 ‘illius
1644 2013 1738 2078 rei
1787 2033 1998 2100 neque
2055 2016 2585 2102 administratio,
2648 2041 2865 2107 neque
2916 2025 3137 2088 exitus
3184 1974 3303 2086 uls
3362 2067 3372 2074 -

315 2113 430 2180 lus
480 2108 750 2180 exstet·
729 2159 752 2178 .
802 2133 928 2180 nos
971 2115 1146 2204 quod
1195 2116 1539 2200 dicamus,
1587 2109 1784 2180 facile
1835 2114 2310 2182 &commode
2362 2115 2629 2202 transigi
2680 2119 2877 2203 poffe.
2930 2123 3025 2184 Ut
3076 2121 3141 2190 in
3164 2119 3295 2186 hac

310 2211 512 2301 lege,
557 2227 590 2301 (
645 2212 810 2282 nihil
863 2219 1046 2286 enim
1099 2215 1400 2304 prohibet
1469 2213 1699 2281 fistam
1769 2210 2058 2299 exempli
2127 2213 2275 2283 loco
2322 2235 2561 2305 ponere
2607 2263 2635 2298 ,
2695 2235 2829 2303 quo
2880 2217 3139 2288 facilius
3190 2239 3297 2286 res

315 2311 782 2404 intelligetur)
836 2321 1148 2384 Meretrix
1179 2333 1504 2382 *coronam
1539 2331 1810 2380 auream
1847 2333 1924 2376 ne
1979 2309 2245 2379 habeto,
2302 2326 2377 2381 si
2429 2314 2770 2400 babuerit,
2810 2317 3076 2402 publica
3134 2317 3291 2397 esto.

309 2417 562 2482 Contra
611 2435 810 2503 cum,
857 2420 972 2506 qui
1019 2419 1432 2484 meretricem
1483 2411 1800 2502 publicari
1852 2411 2031 2479 dicat
2079 2433 2164 2478 err
2218 2413 2367 2503 lege
2414 2431 2721 2566 oportere
2759 2464 2779 2498 ,
2846 2418 3040 2502 poffet
3090 2419 3218 2486 dici
3271 2471 3303 2503 ‚.

307 2533 532 2604 neque
580 2517 1209 2586 administrationem
1259 2517 1382 2586 eise
1429 2515 1644 2584 ullam
1697 2509 1967 2602 publica:
2020 2515 2443 2598 meretricis,
2512 2533 2727 2604 neque
2795 2518 3051 2584 exitum
3123 2517 3293 2606 legis

309 2615 385 2681 in
439 2618 780 2684 meretrice
826 2617 1282 2708 publicanda.
1359 2631 1470 2682 aut
1517 2618 1590 2682 in
1641 2631 1802 2683 auro
1867 2609 2259 2702 publicando
2333 2617 2405 2686 δε
2460 2612 3159 2706 administrationem,
3210 2620 3293 2688 &-

306 2716 570 2782 exitum
625 2717 900 2786 facilem
925 2721 1108 2806 .,efl'e
1157 2721 1229 2789 &
1286 2715 1696 2786 incommodi
1744 2713 1914 2782 nihil
1962 2715 2195 2786 ineffe-

408 2817 747 2886 XL1.Ac
795 2819 1144 2909 diligenter
1193 2817 1362 2888 illud
1409 2837 1678 2910 quoque
1725 2816 2064 2886 attendere
2113 2800 2486 2908 oportebit,
2538 2840 2744 2906 num,
2801 2821 2926 2888 illo
2980 2817 3289 2910 probaro,

301 2917 486 3005 quod
536 2916 942 2990 adversarius
993 2921 1354 3012 intelligat,
1407 2923 1634 2992 utilior
1683 2941 1830 3004 τες,
1883 2933 2000 2984 aut
2047 2919 2411 3007 honestior,
2466 2939 2576 2988 aut
2634 2921 2849 3010 magis
2888 2922 3287 3008 necessaria,

304 3034 351 3079 a
407 3013 718 3102 scriptore
769 3021 1066 3107 neglesta
1121 3023 1448 3089 videatur.
1505 3020 1580 3088 Id
1633 3021 1790 3106 fiet,
1840 3016 1888 3084 fi
1937 3019 2048 3105 id,
2097 3018 2275 3112 quod
2326 3043 2445 3090 nos
2496 3021 3119 3110 demonstrabimus,
3168 3025 3291 3092 ho·

307 3113 616 3200 nestum,
661 3131 778 3182 aut
827 3119 1036 3202 utile,
1084 3135 1198 3185 aut
1250 3120 1690 3189 necessarium
1737 3118 2363 3189 demonstrabimus:
2414 3125 2633 3205 &,s1
2685 3122 2803 3207 id
2846 3127 3018 3213 quod
3072 3124 3153 3192 ab
3174 3126 3289 3191 ad-

311 3213 620 3283 versariis
669 3217 968 3303 dicetur,
1015 3220 1290 3287 minime
1341 3218 1664 3297 eiusmodi
1715 3220 2012 3287 dicemus
2059 3220 2241 3288 esse.
2298 3222 2555 3285 Deinde
2606 3222 2653 3286 fi
2704 3223 2773 3283 in
2826 3223 2975 3305 lege
3028 3226 3151 3287 erit
3200 3242 3291 3287 ex

311 3314 630 3404 ambiguo
675 3318 1172 3404 controversia,
1241 3318 1400 3385 dare
1448 3336 1717 3404 operam
1763 3315 2154 3404 oportebit,
2214 3332 2295 3385 ut
2341 3316 2419 3379 de
2468 3336 2545 3381 eo
2584 3365 2610 3400 ,.
2648 3316 2831 3403 quod
2878 3317 3289 3383 adversarius

305 3416 680 3507 intelligat,
730 3420 862 3487 alia
915 3421 986 3487 in
1042 3420 1184 3510 lege
1233 3435 1518 3491 cautum
1561 3415 1702 3485 esse
1751 3418 2116 3483 doceatur

411 3519 840 3585 Permultum
894 3536 1112 3589 autem
1165 3520 1459 3609 proficIet
1513 3517 1684 3585 illud
1731 3514 2174 3585 demonstrare
2213 3567 2235 3600 ,
2285 3512 2841 3603 quemadmodum
2894 3508 3281 3604 scripsisset,

303 3618 358 3685 fi
411 3616 528 3703 id,
579 3616 752 3705 quod
801 3618 1218 3689 adversarius
1269 3621 1600 3707 accipiat,
1665 3618 1876 3699 fieri,
1941 3634 2052 3683 aut
2105 3614 2391 3701 intelligi
2460 3612 2823 3681 voluisset:
2896 3633 2969 3684 ut
3044 3620 3109 3683 in
3160 3616 3285 3690 hac

304 3713 600 3802 causa,.‘'
605 3719 672 3783 in
724 3740 850 3807 qua
902 3718 984 3785 de
1034 3720 1206 3791 valis
1251 3718 1582 3808 argenteis
1628 3716 1936 3806 quaeritur
1971 3766 1992 3799 ,
2059 3715 2242 3803 poffit
2310 3715 2551 3783 mulier
2622 3714 2840 3785 dicere
2877 3769 2900 3802 ,
2966 3717 3131 3787 nibil
3188 3736 3287 3785 at-

305 3816 580 3885 tinuisse
628 3816 959 3905 adscribi,
1006 3843 1145 3907 quae
1188 3820 1399 3905 volet,
1450 3818 1496 3885 s1
1547 3816 1810 3887 heredis
1861 3814 2188 3884 voluntati
2241 3816 2647 3904 permitteret
2681 3863 2698 3883 .
2772 3818 2871 3882 Eo
2916 3820 3095 3884 enim
3147 3840 3281 3885 non

301 3920 633 4007 adscripto
685 3918 1557 4007 nihilinessedubitationis,
1602 3920 1762 4009 quin
1817 3920 2058 4004 heres,
2105 3940 2247 4006 quae
2298 3916 2427 4004 ipse
2468 3916 2705 4001 vellet,
2756 3919 2975 3985 daret.
3034 3922 3287 4011 Arnen-¹

300 4020 403 4087 tia:
457 4018 658 4107 igitur
710 4018 948 4107 fuisse,
994 4046 1152 4091 cum
1202 4023 1424 4089 heredi
1471 4020 1672 4088 veliet
1729 4038 2006 4105 cavere,
2059 4018 2120 4085 id
2173 4016 2540 4087 adscribere
2572 4068 2593 4103 ,
2664 4040 2797 4105 quo
2848 4040 2987 4085 non
3038 4020 3283 4089 adst-ri-

303 4138 463 4208 pt0,
513 4122 945 4192 nihilominus
1001 4126 1220 4193 heredi
1269 4137 1649 4191 caveretur.

411 4225 634 4302 Quare
677 4226 806 4291 hoc
858 4246 1098 4314 genere
1149 4244 1550 4313 magnopere
1601 4217 1840 4291 talibus
1891 4216 1960 4289 in
1989 4219 2217 4289 caulis
2269 4222 2367 4289 uti
2416 4218 2789 4309 oportebit:
2864 4220 2913 4289 fi
2962 4222 3086 4293 hoc
3136 4245 3291 4293 mo·

311 4322 402 4391 do
453 4319 836 4413 scripsisset,
883 4324 1002 4393 isto
1052 4328 1254 4393 verbo
1299 4322 1460 4391 usus
1511 4344 1643 4389 non
1691 4321 1910 4411 esset,
1960 4344 2092 4391 non
2127 4320 2261 4387 isto
2312 4324 2463 4389 loco
2520 4321 2797 4388 verbum
2850 4320 3015 4390 istud
3067 4328 3281 4393 collo·

304 4424 515 4494 casser
555 4475 570 4489 .
645 4430 830 4493 Nam
877 4448 960 4495 ex
1015 4428 1122 4497 his
1174 4426 1490 4495 sententia
1545 4422 1868 4513 scriptoris
1935 4423 2233 4491 maxime
2302 4422 2683 4511 perspicitur
2740 4471 2755 4489 .
2828 4424 3079 4493 Deinde
3150 4447 3290 4515 quo

303 4543 602 4618 tempore
656 4526 972 4617 scriptum
1025 4531 1145 4613 lit,
1195 4526 1628 4619 quaerendum
1675 4523 1765 4593 est
1803 4575 1824 4611 ‚
1874 4540 1948 4597 ut
1985 4577 2007 4612 ,
2075 4522 2235 4615 quid
2284 4545 2441 4592 eum
2496 4521 2783 4592 voluisse
2832 4526 2903 4593 in
2952 4524 3279 4605 eiusmodi

302 4642 598 4717 tempore
649 4628 996 4699 verisimile
1047 4630 1121 4698 sit
1162 4682 1189 4717 ,
1251 4628 1666 4719 intelligatur
1702 4674 1720 4693 .
1793 4626 1940 4693 Post
1987 4647 2070 4695 ex
2121 4622 2607 4695 deliberationis
2658 4624 2949 4715 parthus
2998 4638 3199 4716 (91)
3253 4672 3286 4710 ,

3016 4723 3176 4817 quid

309 4874 2851 4978 WwT-rssrssrffl
1559 4870 3090 4977 mmm-,m
3135 4910 3183 4945 ,.

309 4982 425 5035 quae
464 4978 758 5037 pcrtmcnt
793 4966 858 5025 ad
893 4984 1061 5040 genus
1107 4987 1372 5029 oratroms
1429 4966 1749 5029 deliberati
1808 4967 2140 5040 501dm
