4359 6321
1222 460 1401 547 240
1818 418 3268 520 'DEORAT‘ORE
3519 538 3528 547 ·

1193 545 1574 631 Videtisne,
1626 566 1839 636 genus
1888 546 2014 617 hoc
2066 549 2243 639 quod
2299 546 2376 615 fit
2427 543 2782 614 Antonii?
2839 544 3046 632 forte,
3099 542 3489 630 vehemens',
3537 544 3950 617 commotum
4007 546 4087 621 311

1098 652 1355 739 agendo
1394 702 1413 735 ,
1480 650 1950 735 praemunitum
1987 702 2008 734 ‚
2080 652 2149 720 &
2209 668 2295 715 ex
2353 650 2535 715 omni
2589 664 2770 735 parte
2819 647 3030 715 causae
3081 646 3336 735 septum
3375 698 3396 731 ‚
3447 663 3597 713 acre
3635 694 3655 731 ‚
3726 664 4001 718 acutum
4063 702 4090 739 ,

1092 752 1565 832 enucleatum,
1616 750 1685 815 in
1735 769 2135 838 unaquaque
2209 768 2280 815 re
2349 766 2780 819 commorans
2823 800 2843 832 ,
2909 747 3172 814 honeste
3239 747 3474 815 cedens
3513 796 3534 832 ,
3604 748 3841 813 acriter
3910 752 4092 821 inse-

1094 873 1348 941 qu-enS,
1398 867 1694 935 terrenS,
1743 849 2155 940 supplicans,
2211 852 2472 916 summa
2522 849 2833 916 orationis
2888 850 3240 933 varietate,
3293 848 3482 914 nulla
3537 846 3906 915 nostrarum
3964 869 4104 920 au·-

1082 955 1271 1018 ·1·ium
1325 952 1646 1018 satietate.
1699 954 1843 1017 Nos
1893 968 2115 1019 autem
2156 1002 2177 1035 ,
2245 952 2644 1039 quicumque
2693 952 2760 1013 in
2812 947 3089 1015 dicendo
3143 946 3371 1015 sumus
3412 1001 3433 1033 ‚
3507 960 3532 1033 (
3591 949 3908 1037 quoniam
3957 952 4087 1021 effe

1092 1054 1319 1141 aliquo
1370 1056 1441 1119 in
1494 1070 1773 1116 numero
1846 1050 2026 1118 vobis
2075 1050 2384 1118 videmur
2446 1062 2470 1137 )
2541 1046 2718 1117 cer'te
2787 1066 3009 1115 tamen
3082 1046 3162 1113 ab
3213 1048 3414 1125 huius
3465 1050 3757 1117 multum
3827 1073 4088 1139 genere

1089 1153 1441 1236 distamus3
1492 1151 1669 1239 quod
1720 1150 1921 1239 quale
1970 1153 2045 1217 fit
2083 1204 2104 1236 ‚
2176 1172 2308 1216 non
2373 1150 2470 1216 est
2524 1170 2752 1217 meum
2803 1150 3019 1216 dicere
3055 1200 3076 1234 ‚
3151 1166 3481 1235 propterea
3551 1148 3730 1238 quod
3801 1154 4089 1223 minime
4194 1238 4198 1241 ι

1082 1253 1361 1341 quisque
1412 1247 1521 1316 sibi
1580 1266 1775 1317 notus
1820 1248 1957 1336 est,
2008 1254 2079 1321 &
2134 1252 2518 1331 difficillime
2589 1251 2670 1318 de
2741 1248 2802 1316 se
2853 1249 3125 1338 quisque
3177 1249 3365 1314 sentit
3407 1274 3423 1313 z
3479 1249 3580 1317 sed
3633 1269 3858 1319 tamen
3913 1253 4086 1321 diffi-

1090 1350 1399 1422 militudo
1450 1346 1739 1439 intelligi
1793 1348 2037 1437 potest,
2094 1352 2164 1419 δε
2221 1372 2310 1417 ex
2357 1368 2576 1419 motus
2636 1352 2765 1416 mei
2813 1351 3269 1419 mediocritate
3307 1400 3330 1435 ‚
3383 1351 3451 1419 ὅ(
3508 1372 3590 1418 ex
3639 1370 3720 1416 eo
3761 1404 3782 1435 ‚
3835 1354 4019 1442 quod
4053 1402 4079 1442 ,

1084 1450 1322 1542 'quibus
1376 1450 1664 1537 vestigiis
1722 1452 2008 1536 primum
2058 1449 2290 1539 institi,
2343 1453 2414 1517 in
2473 1455 2549 1519 iis
2603 1452 2740 1518 fere
2793 1450 2966 1517 soleo
3019 1470 3359 1536 perorare;
3415 1450 3486 1519 δε
3545 1452 3725 1541 quod
3779 1453 4085 1542 aliquam·

1090 1570 1161 1619 to
1210 1573 1320 1617 me
1370 1550 1585 1627 major
1632 1552 1701 1617 in
1756 1548 2006 1634 vet-bk,
2055 1570 2258 1638 quam
2311 1552 2380 1617 in
2436 1549 2768 1619 sententiis
2821 1549 3180 1638 eligendis,
3233 1548 3409 1616 labor
3465 1553 3718 1621 &cura
3771 1571 4084 1645 torquet,

1092 1668 1474 1733 verentem,
1526 1670 1649 1735 ne,
1700 1649 1747 1718 fi
1798 1654 2001 1739 paulo
2048 1651 2397 1721 obsoletior
2451 1650 2648 1719 fuerit
2683 1652 2911 1719 oratio
2949 1702 2971 1737 ,
3017 1672 3151 1719 non
3205 1648 3407 1739 digna
3457 1652 3947 1741 exspeaatione
4003 1660 4083 1728 δε

1094 1752 1354 1819 silentio
1408 1751 1590 1817 fuill‘e
1642 1746 1983 1821 videatur.
2036 1792 2043 1801 ·
2209 1766 2216 1773 '
3313 1799 3331 1814 .

1088 1896 1096 1903 -
1196 1851 1490 1937 Quodsi
1544 1852 1610 1915 in
1666 1850 1851 1919 nobis
1892 1906 1911 1940 ,
1976 1855 2089 1942 qui
2140 1848 2458 1925 adsumus
2505 1907 2526 1942 ‚
2587 1868 2784 1923 tantae
2829 1850 3376 1922 dissimilitudines
3415 1901 3435 1939 ‚
3501 1870 3640 1923 tam
3714 1872 3911 1927 certae
3961 1880 4084 1929 res

1090 1953 1412 2041 cujusque
1466 1954 1737 2039 propriae
1774 2005 1795 2039 ,
1846 1956 1918 2022 &
1976 1954 2044 2019 in
2094 1974 2172 2019 ea
2226 1959 2539 2023 varietate
2589 1953 2728 2022 fere
2781 1955 3020 2023 melius
3073 1976 3110 2021 a
3163 1956 3528 2041 deteriore,
3579 1957 3890 2027 facultate
3927 1981 4077 2029 ma.

1090 2054 1195 2141 gis
1243 2064 1483 2140 (23),
1534 2072 1741 2141 quam
1810 2072 2054 2139 genere
2121 2053 2544 2143 distinguitur
2584 2106 2605 2140 ,
2673 2071 2872 2145 atque
2921 2075 3122 2122 omne
3175 2055 3479 2123 laudatur
3515 2104 3538 2140 ,
3607 2058 3776 2146 quod
3825 2060 3892 2123 in
3949 2059 4082 2131 suo

1088 2173 1330 2243 genere
1380 2152 1744 2239 perfeetum
1790 2152 2135 2243 este—quid
2184 2154 2456 2223 censetis
2494 2207 2515 2242 ,
2583 2156 2630 2223 fi
2683 2174 2959 2242 omnes,
3028 2156 3144 2245 qui
3196 2154 3432 2247 ubique
3487 2150 3630 2221 sunt
3665 2202 3686 2241 ,
3755 2174 3866 2224 aut
3917 2158 4072 2225 fue-

1088 2273 1249 2320 runt
1302 2268 1593 2319 oratores
1636 2304 1654 2338 ‚
1706 2252 2013 2340 ample-sti
2072 2256 2480 2323 voluerimus
2520 2257 2548 2321 ἓ
2623 2276 2871 2322 numne
2921 2256 3062 2322 fore
3101 2308 3122 2341 ,
3175 2272 3250 2324 ut
3294 2308 3314 2340 ,
3365 2275 3526 2347 quot
3575 2274 3854 2325 oratores
3892 2312 3914 2343 ,
3961 2274 4074 2327 to-

1088 2354 1295 2421 tidem
1352 2373 1512 2439 pene
1582 2355 1983 2443 reperiantur
2052 2375 2301 2443 genera
2369 2356 2698 2424 dicendi?
2767 2359 2866 2421 Ex
2921 2378 3048 2445 qua
3103 2378 3246 2423 mea
3299 2357 3728 2445 dilputatioue
3795 2359 4084 2429 forsitan.

1087 2468 1393 2523 occurrat
1444 2452 1613 2522 illud
1649 2506 1670 2539 ‚
1721 2444 1766 2522 si
1822 2474 1984 2541 pene
2034 2455 2546 2525 innumerabiles
2603 2455 2728 2523 smt
2777 2457 2958 2547 quali
3009 2457 3234 2526 fotmae
3305 2458 3669 2549 figura-que
3739 2456 4000 2528 dicendi
4051 2510 4082 2547 ,

1092 2554 1298 2643 specie
1348 2551 1682 2643 dispares,
1732 2572 1972 2643 genere
2023 2553 2384 2623 laudabiles
2429 2585 2452 2645 3
2509 2580 2642 2626 non
2697 2560 2861 2645 poffe
2911 2578 3038 2643 ea,
3082 2581 3223 2646 quae
3275 2560 3444 2627 inter
3502 2560 3561 2627 se
3629 2562 4004 2651 discrepant
4053 2610 4082 2647 ‚

1088 2656 1324 2723 iisdem
1373 2658 1707 2741 praceptis
1749 2705 1770 2740 ,
1838 2671 2035 2743 atque
2102 2658 2171 2723 in
2245 2677 2374 2723 una
2425 2658 2828 2723 institutione
2899 2658 3176 2723 formari
3211 2706 3226 2723 .
3303 2660 3500 2741 Qiod
3579 2658 3866 2729 non‘est
3917 2664 4004 2727 ita
4055 2682 4082 2725 t·

1084 2754 1697 2845 diligentiffimeque
1752 2755 1877 2823 hoc
1926 2754 2019 2821 est
2066 2756 2201 2840 eis,
2251 2760 2385 2847 qui
2419 2756 2766 2823 instituunt
2816 2757 3110 2845 aliquos,
3166 2775 3362 2843 atque
3409 2758 3719 2826 erudiunt
3761 2813 3782 2846 ,
3853 2761 4080 2827 viden·

1086 2840 1293 2941 dum,
1338 2876 1475 2946 quo
1530 2855 1644 2923 sua
1697 2876 2025 2947 quemque
2079 2872 2310 2923 natura
2364 2860 2656 2923 maxime
2710 2855 2880 2921 ferre
2939 2854 3236 2921 videatur
3271 2902 3290 2919 .
3365 2853 3627 2925 Etenim
3699 2860 4008 2929 videmus
4053 2912 4080 2949 ,

1085 2976 1170 3025 ex
1221 2957 1454 3025 eodem
1503 2955 1688 3048 quast
1741 2958 1897 3024 ludo
1950 2954 2360 3025 summorum
2417 2958 2488 3023 in
2543 2955 2660 3021 suo
2707 2955 3032 3046 cujusque
3089 2976 3332 3043 genere
3387 2950 3726 3028 artificum
3797 2964 3868 3030 ὃ(
3933 2982 4080 3028 ma..

1086 3056 1438 3147 gistrorum
1490 3057 1681 3125 exiffe
1726 3056 2071 3143 discipulos
2122 3054 2459 3123 diffimiles
2510 3058 2711 3124 intet-
2742 3054 2804 3122 se
2847 3110 2867 3140 ,
2937 3074 3228 3124 attamen
3287 3057 3648 3127 laudandos
3687 3086 3711 3148 ,-
3781 3084 3942 3129 cum
3995 3060 4082 3129 ad

1085 3160 1404 3251 cujusque
1454 3176 1765 3225 naturam
1819 3156 2135 3224 institutio
2186 3150 2466 3226 doftoris
2521 3155 3138 3224 accommodaretur
3173 3180 3195 3220 .·
3273 3158 3485 3236 cujus
3537 3160 3634 3228 est
3701 3165 3807 3231 vel
3863 3166 4081 3231 maxi-

1084 3281 1197 3329 me
1245 3262 1498 3351 infigne
1549 3256 1721 3326 illud
1772 3257 2218 3344 exemplum,
2266 3269 2312 3344 ·(
2369 3277 2443 3326 ut
2496 3274 2760 3326 caeteras
2813 3275 2988 3324 artes
3042 3257 3428 3328 omittamus
3490 3271 3518 3348 )
3591 3261 3762 3350 quod
3811 3263 4084 3332 dicebat

1086 3361 1445 3448 Isocrates,
1492 3359 1719 3428 ἁοὲὶοι·
1773 3359 2133 3448 singularis
2172 3407 2193 3443 ‚
2227 3363 2302 3444 Je
2353 3357 2726 3426 calcaribus
2777 3368 2846 3426 in
2896 3354 3182 3444 Ephoro,
3233 3377 3456 3426 contra
3503 3381 3715 3426 autem
3761 3369 3830 3425 in
3873 3361 4080 3428 Theo-

1073 3479 1297 3552 pompo
1338 3467 1559 3552 frenis
1614 3481 1685 3530 ut
1719 3459 1961 3548 solere.
2016 3461 2334 3528 Alterum
2381 3457 2564 3527 enim
2615 3457 3074 3526 exsultantem
3126 3459 3468 3527 verborum
3518 3457 3786 3526 audacia
3857 3465 4074 3547 repr-i,

1082 3561 1235 3645 bat,
1286 3563 1577 3628 alterum
1628 3560 2099 3645 canstantem‚
2150 3562 2220 3630 δε
2279 3561 2460 3650 quafi
2518 3563 3068 3628 verecundantem
3119 3560 3431 3628 incitabat
3471 3609 3485 3626 .
3537 3564 3763 3648 Neque
3815 3579 3924 3626 eos
3983 3559 4078 3625 su

1084 3659 1547 3726 mileseffecit
1600 3661 1768 3725 inter
1818 3661 1923 3743 se,
1977 3659 2083 3726 sed
2140 3675 2398 3726 tantum
2455 3661 2642 3727 alteri
2699 3660 3000 3752 affinxit3
3045 3659 3124 3726 de
3179 3660 3391 3726 altero
3445 3661 3762 3727 limitavit
3801 3709 3822 3742 ,
3875 3679 3947 3726 ut
4000 3659 4074 3726 id

1082 3759 1528 3827 conformaret
1578 3758 1647 3822 in
1700 3763 2018 3844 utroque',
2068 3759 2240 3843 quod
2291 3759 2632 3846 utriusque
2689 3778 2928 3826 natura
2981 3776 3353 3846 pateretur.

1180 3863 1263 3926 X.
1316 3861 1480 3925 Haec
1532 3876 1611 3924 eo
1660 3857 1821 3921 mihi
1878 3855 2277 3943 praedicenda
2335 3858 2644 3940 fuerunt,
2692 3875 2766 3922 ut
2811 3909 2832 3944 ,
2901 3859 2946 3924 fi
3004 3879 3132 3924 non
3185 3860 3408 3926 omnia
3449 3909 3470 3945 ,
3541 3881 3684 3950 quae
3753 3881 4082 3949 propone-

1078 3974 1305 4027 rentur
1360 3981 1397 4025 a
1447 3975 1598 4040 me,
1646 3953 1730 4022 ad
1782 3955 2086 4022 omnium
2139 3955 2431 4022 vestrum
2483 3954 2768 4021 studium
2804 4009 2825 4042 ‚
2873 3958 2944 4025 &
3003 3957 3090 4026 ad
3139 3945 3353 4048 genu}
3409 3960 3511 4046 id,
3562 3961 3740 4051 >quod
3796 3961 4074 4052 quisque

1080 4056 1368 4127 vestrum
1421 4061 1491 4125 in
1542 4053 1820 4122 dicendo
1863 4051 2206 4144 probaret,
2257 4051 2768 4123 adhaetescerent
2809 4109 2832 4140 ,
2900 4057 2962 4124 id
3013 4077 3052 4122 a
3107 4079 3214 4125 me
3261 4083 3476 4152 genus
3523 4064 3807 4152 exprimi
3879 4063 4066 4131 senti-

1074 4161 1273 4244 retis,
1322 4157 1496 4248 quod
1550 4156 1847 4222 maxime
1899 4153 2062 4222 mihi
2116 4153 2234 4242 ipfi
2287 4153 2700 4243 probaretur.
2753 4153 2935 4250 Ergo
2983 4160 3117 4228 haec
3147 4162 3242 4230 ’δι
3305 4163 3554 4254 agenda
3609 4162 3759 4233 sunt
3809 4163 3892 4232 ah'
3923 4183 4070 4232 ota·

1074 4275 1257 4348 tore,
1304 4281 1446 4348 quae-
1496 4255 1855 4347 explicavit
1904 4256 2244 4326 Antonius
2278 4309 2300 4348 ‚
2370 4260 2438 4330 &
2497 4255 2769 4327 dicenda
2839 4263 3126 4353 quodam
3179 4265 3376 4333 modo
3411 4313 3430 4334 .
3513 4266 3811 4353 Quinam
3865 4268 4070 4355 igitur

3859 4368 3972 4432 di.-

3415 4519 3426 4528 .
3862 4517 3868 4522 ,

1116 4688 1308 4765 ·(·23·)
1344 4685 1647 4767 Fqcultate
1682 4695 1865 4760 magis
1896 4691 1925 4754 )
1969 4685 2166 4769 Sensus
2203 4689 2280 4747 est
2315 4713 2330 4748 ε
2372 4693 2520 4750 Cum
2619 4691 2908 4752 laudabiles
2944 4687 2990 4751 .·’
3022 4691 3115 4751 sed
3155 4693 3394 4770 intelligi
3450 4697 3701 4760 volumus
3755 4695 3914 4758 illum
3951 4718 4077 4757 ors-

1072 4751 1304 4814 dtcimus
1338 4757 1507 4815 altum
1540 4777 1815 4818 oratorem
1852 4759 2135 4817 meliorem
2176 4760 2279 4817 esse
2303 4801 2321 4826 ,
2351 4762 2517 4819 alium
2619 4779 2795 4820 torem
2833 4763 3078 4822 facultate
3113 4768 3416 4835 excellere,
3457 4768 3514 4827 id
3553 4772 3629 4832 est
3653 4811 3673 4838 ‚
3709 4771 3833 4841 plus
3873 4773 3934 4831 in
3975 4767 4071 4828 suo

1069 4825 1435 4908 deteriorem,
1470 4847 1541 4884 eo
1572 4829 1783 4909 judicio
1822 4828 2326 4910 non-significamus
2363 4831 2512 4889 illius
2615 4851 2815 4909 genere
2869 4837 3050 4894 valere
3093 4877 3110 4904 ,
3147 4857 3300 4910 quam
3338 4842 3488 4902 hunc
3528 4844 3587 4910 in
3627 4861 3696 4913 eq
3727 4879 3746 4910 ,
3781 4843 3933 4918 qnod
3967 4841 4070 4900 fibi

1070 4917 1300 4956 oratoris
1350 4920 1518 4972 genus·
1570 4899 1789 4958 dicendi
1848 4920 2029 4972 potius
2081 4903 2182 4977 essle
2219 4921 2372 4974 quam
2411 4901 2516 4960 hu·
2615 4905 2908 4978 proprium
2943 4903 3136 4966 habet.
3175 4919 3436 4972 Parcius
3460 4953 3475 4970 .

1066 4967 1185 5038 jus3
1216 4971 1277 5033 in
1315 4968 1517 5046 dispari
1556 4972 1702 5032 enim
1734 4989 1935 5051 genere
1974 4973 2191 5046 poliunt
2227 4971 2328 5032 ell‘e
2365 4991 2517 5046 aeque
