4359 6321
215 547 351 620 dere
414 559 687 616 tantum
758 543 1107 620 numerose
1174 557 1478 636 oportere
1516 595 1539 628 ‚
1605 544 2079 637 terminarique
2134 543 2584 616 sententiam.
2637 542 2745 616 Est
2793 441 3057 639 auferas,
3109 561 3184 619 ut

222 653 275 720 id
320 649 620 717 maxime
660 641 933 728 deceat,
982 665 1121 710 non
1174 645 1239 710 id
1290 643 1543 714 solum.
1598 643 1959 722 Ponendus-
2000 649 2095 718 est
2143 650 2328 718 enim
2365 651 2482 719 ille
2520 648 2846 740 ambitus,
2901 671 3032 720 non
3075 643 3186 718 ab·

222 749 557 833 jiciendus.
617 749 848 830 Quare
894 765 1061 816 cum
1114 763 1309 814 aures
1358 761 1738 814 extremum
1776 743 2029 834 semper
2064 749 2488 839 exspestent,
2539 754 2608 820 in
2659 774 2866 844 eoque
2919 755 3185 845 acquie-

224 853 425 940 scant,
478 847 544 917 id
597 865 839 915 vacare
890 865 1177 916 numero
1230 869 1361 916 non
1407 863 1721 936 oportet:
1798 844 1905 914 fed
1952 846 2035 914 ad
2086 851 2268 918 hunc
2311 856 2576 922 exitum
2628 869 2854 924 tamen
2911 856 3184 944 aprin-

222 956 368 1045 cipio
419 949 580 1021 ferri
646 947 834 1016 debet
887 945 1239 1016 verborum
1292 949 1413 1016 illa
1462 945 1963 1038 comprehensio
2000 997 2030 1038 ,
2080 952 2153 1020 δε
2211 965 2356 1018 tota
2409 974 2450 1020 a
2499 956 2709 1044 capite
2765 959 2856 1024 ita
2909 955 3115 1025 fluere
3173 1001 3198 1043 ,

225 1077 289 1126 ut
335 1057 414 1122 ad
466 1068 849 1122 extremum
910 1050 1187 1120 veniens
1242 1048 1377 1138 ipsa
1428 1048 1769 1118 consistat.

310 1157 382 1224 rd
432 1155 659 1224 autem
704 1147 889 1220 bona'
934 1150 1277 1240 disciplina
1326 1152 1703 1240 exercitatis
1742 1199 1769 1236 ,
1836 1151 1957 1240 qui
2000 1155 2105 1232 &⁸⁶
2158 1151 2383 1224 multa·
2431 1151 2845 1245 scripserint,
2897 1157 2969 1229 &
3027 1179 3197 1249 quae·

222 1280 495 1350 cumque
562 1257 769 1323 etiam
822 1251 957 1318 fine
1011 1252 1248 1342 scripto
1294 1253 1645 1340 dicerent,
1718 1251 1953 1320 similia
2008 1251 2398 1342 scriptorum
2447 1255 2830 1344 effecerint,
2887 1282 3024 1328 non
3075 1260 3197 1326 erit

224 1359 735 1446 difficillimum.
789 1359 984 1424 Ante
1020 1355 1203 1422 enim
1252 1352 1817 1425 circumscribitur
1868 1369 2089 1422 mente
2125 1352 2490 1442 sententia,
2537 1357 3016 1450 confestimque
3056 1381 3203 1428 vet-

228 1449 297 1532 ba
342 1463 787 1532 concurrunt:
843 1475 987 1545 quae
1040 1477 1228 1523 mens
1282 1460 1563 1543 eadem,
1614 1477 1743 1546 qua
1800 1454 1968 1523 nihil
2016 1453 2113 1522 est
2183 1453 2464 1524 celerius
2503 1508 2528 1542 ,
2597 1459 2814 1528 statim
2861 1461 3134 1530 dimittit
3185 1509 3206 1544 ,

228 1586 291 1634 ut
343 1563 455 1630 suo
504 1557 809 1650 quodque
876 1556 1028 1626 loco
1077 1556 1528 1648 respondeat:
1604 1577 1893 1648 quorum
1944 1554 2304 1646 descriptus
2371 1557 2528 1625 ordo
2581 1559 2746 1626 alias
2795 1558 2922 1626 alia
2975 1561 3204 1629 termi-

230 1661 480 1736 natione
529 1656 995 1729 concluditur:
1047 1677 1245 1750 atque
1300 1661 1527 1730 omnia
1578 1659 1695 1728 illa
1750 1661 1819 1728 δε
1882 1657 2093 1746 prima
2144 1658 2216 1726 &
2273 1655 2488 1726 media
2542 1656 2739 1726 verba
2781 1658 3066 1748 speEtare
3104 1661 3212 1728 de-

230 1769 367 1836 bent
419 1763 502 1832 ad
556 1763 874 1832 ultimum
914 1809 931 1828 .
1005 1764 1350 1828 Interdum
1400 1761 1586 1830 enim
1640 1760 1877 1829 cursus
1934 1759 2026 1826 est
2094 1760 2167 1824 in
2219 1761 2514 1827 oratione
2567 1762 2964 1848 incitatior,
3013 1765 3214 1830 inter·-

229 1870 381 1937 dum
437 1865 778 1934 moderata
832 1862 1207 1952 ingreffio.
1276 1883 1349 1930 ut
1407 1864 1541 1942 iam
1597 1883 1635 1928 a
1686 1860 2009 1977 principio
2060 1857 2444 1928 videndum
2472 1861 2589 1949 fit,
2640 1865 3218 1954 quemadmodum

234 1969 407 2041 velis
459 1967 686 2035 venire
737 1964 818 2030 ad
868 1980 1285 2034 extremum.
1341 1968 1484 2035 Nec
1538 1965 1608 2032 in
1666 1963 1961 2030 numeris
2014 1963 2271 2050 magiS,
2325 1983 2526 2052 quam
2579 1965 2646 2030 in
2704 1963 2974 2054 reliquis
3027 1985 3222 2033 orna-

233 2071 458 2140 mentis
500 2067 853 2144 orationis
904 2063 1136 2133 eadem
1186 2087 1345 2134 cum
1386 2063 1759 2150 faciamuS,
1815 2085 1955 2151 quae
1994 2079 2234 2151 poetae,
2281 2063 2642 2154 effugimus
2696 2083 2922 2134 tamen
2970 2069 3038 2134 in
3075 2088 3225 2135 ora·-

232 2174 399 2240 tione
471 2168 793 2260 poematis
862 2167 1421 2250 fimilitudinem.
1482 2167 1593 2236 Est
1646 2167 1844 2232 enim
1883 2166 1950 2232 in
2006 2180 2288 2254 utroque
2341 2167 2411 2235 &
2472 2170 2808 2252 materia,
2860 2172 2930 2240 δε
2986 2169 3228 2236 trasta-

233 2276 319 2340 tio
355 2297 379 2336 .·
460 2270 737 2340 materia
786 2271 855 2337 in
909 2268 1176 2365 verbis,
1208 2271 1516 2338 tractatio
1584 2269 1653 2335 in
1704 2267 2144 2334 collocatione
2200 2267 2554 2335 verborum
2595 2287 2630 2333 .’
2689 2271 2927 2340 Ternae
3005 2287 3226 2339 autem

235 2375 381 2444 sunt
458 2370 799 2462 utriusque
870 2387 1089 2460 partes
1136 2371 1557 2440 verboxum:
1630 2369 2101 2454 translatum,
2152 2389 2403 2436 novum
2458 2368 2866 2457 ,priscum.
2915 2377 3100 2440 Nam
3149 2373 3233 2437 de

234 2475 501 2628 propriis
554 2473 721 2542 nihil
774 2473 905 2542 hoc
958 2474 1108 2541 loco
1156 2473 1479 2542 dicimus

328 2579 472 2645 Lx.
522 2574 1001 2644 Collocationis
1043 2590 1311 2662 autem,
1358 2595 1493 2660 eae,
1543 2593 1705 2666 quas
1746 2573 2080 2657 diximuS,
2132 2571 2554 2662 compositio,
2609 2575 3064 2662 concinnitas,
3114 2592 3238 2641 nu—

232 2699 492 2766 merus3
545 2675 714 2746 sed
696 2700 763 2744 ιιι
804 2691 1085 2766 utroque
1126 2673 1597 2768 frequentiores
1639 2675 1832 2760 sunt,
1885 2677 1953 2744 &
1996 2673 2330 2742 liheriores
2390 2693 2590 2763 poet-22
2613 2725 2628 2741 .
2681 2681 2880 2746 Nam
2912 2679 2980 2746 &
3027 2693 3240 2742 trans·

235 2781 455 2852 ferunt
536 2777 731 2845 verba
778 2799 937 2846 cum
988 2777 1345 2865 crebrius,
1394 2795 1545 2844 tum
1594 2779 1800 2844 etiam
1858 2775 2223 2842 audacius:
2277 2778 2346 2846 δι
2407 2776 2630 2866 priscis
2683 2775 2986 2845 libentius
3041 2797 3243 2845 utun-

235 2901 383 2968 tur,
438 2882 509 2949 δι
564 2877 831 2947 liberius
886 2879 1139 2946 noviS.
1188 2877 1391 2964 Qod
1446 2880 1624 2945 idem
1674 2877 1749 2944 fit
1805 2877 1873 2942 in
1931 2879 2274 2945 numeris:
2337 2878 2400 2944 in
2457 2879 2695 2967 quibus
2743 2877 2930 2968 quasi
2983 2875 3246 2947 net-effi-

234 2987 349 3054 tati
402 3001 624 3070 parere
668 2995 1053 3072 coguntur
1106 2979 1230 3048 sed
1282 2997 1513 3047 tamen
1564 2979 1741 3046 haec
1758 2998 1877 3045 nec
1934 2979 2131 3050 nimis
2183 2977 2306 3046 effe
2357 2976 2608 3046 diversa
2657 3035 2676 3065 ‚
2730 3000 2854 3048 nec
2911 2979 3058 3049 ullo
3107 3001 3248 3047 mo-

232 3079 317 3152 do
364 3079 718 3160 conjuncta
775 3081 1063 3167 intelligi
1110 3081 1320 3146 licet.
1380 3084 1481 3146 Ita
1534 3077 1655 3163 fit,
1706 3097 1783 3146 ut
1837 3097 1973 3144 non
2022 3080 2186 3144 item
2233 3079 2306 3142 in
2357 3083 2688 3165 oratione,
2741 3100 2816 3148 ut
2875 3083 2942 3148 in
2997 3083 3184 3149 versu
3230 3132 3250 3167 ,

234 3201 559 3256 numerus
624 3178 901 3245 exstet.-
976 3178 1177 3267 idque
1242 3178 1419 3267 quod
1472 3174 1906 3245 numerosum
1978 3178 2045 3241 in
2096 3180 2398 3243 oratione
2449 3178 2686 3247 dicitur
2730 3232 2754 3261 ,
2805 3202 2939 3249 non
2993 3182 3244 3268 semper

234 3303 527 3356 numero
578 3279 696 3347 fiat
737 3330 763 3367 ,
824 3276 938 3349 sed
988 3298 1479 3367 nonnunquam
1520 3328 1547 3364 ,
1597 3292 1717 3343 aut
1762 3275 2256 3362 concinnitate,
2303 3292 2416 3341 aut
2469 3278 2958 3346 constttiffione
3022 3282 3246 3348 verbo-

234 3408 395 3458 rum
434 3434 454 3451 .

344 3493 487 3573 Ita,
537 3482 583 3553 fi
635 3503 959 3553 numerus
1009 3482 1331 3551 orationis
1376 3481 1693 3573 quaeritur
1748 3478 1859 3570 qui
1915 3474 2037 3568 fit‚·
2091 3476 2310 3549 omnis
2356 3474 2489 3546 est:
2548 3477 2654 3547 sed
2704 3478 2876 3548 alius
2927 3481 3056 3548 alio
3105 3502 3247 3549 me-

237 3594 369 3663 lior
438 3604 637 3680 atque
710 3586 919 3676 aptior
958 3631 979 3651 .
1048 3586 1115 3651 si
1167 3584 1397 3672 locus3
1452 3584 1517 3651 in
1567 3581 1756 3649 omni
1808 3596 1989 3669 parte
2044 3580 2438 3649 verborum.
2493 3581 2604 3667 Si,
2647 3580 2832 3652 unde
2881 3600 3067 3650 ottus
3121 3584 3248 3671 fit3-

230 3717 328 3765 ex
384 3690 649 3759 aurium
705 3688 1080 3777 voluptate.
1130 3686 1202 3752 Si
1249 3682 1861 3773 componendorum
1908 3682 2125 3769 rati0;
2167 3680 2428 3751 dicet-ur
2481 3682 2620 3751 alio
2669 3683 2867 3770 loco,
2917 3684 3068 3773 quia
3107 3705 3248 3773 per-

230 3798 409 3866 tinet
478 3790 561 3857 ad
624 3786 869 3877 usum,
914 3810 1061 3877 quae
1112 3807 1261 3875 pars
1332 3802 1568 3879 quarta
1620 3788 1694 3855 &
1750 3800 2049 3852 extrema
2102 3782 2291 3853 nobis
2348 3784 2415 3849 in
2465 3780 2820 3852 dividendo
2872 3784 3051 3853 fuit.
3129 3788 3196 3854 Si
3226 3838 3246 3872 ,

232 3898 329 3966 ad
380 3912 589 3987 quam
640 3910 785 3959 rem
840 3888 1279 3977 adhibeatur3
1334 3885 2001 3955 addeletstationem.
2055 3885 2167 3973 si,
2217 3882 2532 3974 quand05
2595 3884 2892 3975 semper.
2945 3892 3066 3974 Si,
3116 3910 3252 3979 quo

233 4002 440 4086 loco;
494 3996 564 4063 iu
618 4008 755 4061 tota
804 3991 1306 4061 continuatione
1364 3987 1753 4055 verborum.
1804 3986 1918 4072 si,
1970 4008 2119 4078 quae
2171 4006 2278 4053 res
2327 3985 2570 4053 efficiat
2623 3986 3084 4077 voluptatem,·
3139 4006 3245 4057 ea-

232 4104 441 4185 dem,
490 4118 631 4185 quae
670 4094 740 4161 in
788 4082 1126 4178 versibus,
1170 4109 1467 4183 quorum
1500 4088 1785 4159 modum
1835 4102 2021 4155 notat
2070 4106 2221 4174 ars,
2275 4084 2380 4155 sed
2425 4107 2619 4156 aures
2674 4086 2822 4177 ipsae
2853 4092 3059 4159 tacito
3091 4108 3254 4161 eum

232 4200 440 4272 sensu
494 4198 628 4265 fine
676 4212 821 4263 arte
868 4192 1241 4263 definiunt.

354 4302 536 4369 LXI.
590 4297 761 4365 Satis
816 4294 1031 4365 multa
1082 4292 1165 4361 de
1212 4308 1489 4361 natura.
1544 4290 1833 4381 sequitur
1884 4287 2092 4376 usus,
2140 4290 2224 4358 de
2273 4312 2412 4381 quo
2465 4289 2560 4359 est
2615 4291 2986 4369 accuratius
3033 4290 3258 4383 dispu-

230 4402 571 4476 tandum.
628 4402 710 4469 In
763 4420 901 4489 quo
946 4394 1303 4486 quaefitum
1354 4392 1495 4481 est,
1546 4394 1613 4459 in
1667 4408 1893 4459 totone
1942 4392 2230 4458 circuitu
2283 4391 2406 4459 illo
2440 4391 2798 4481 orationis,
2847 4418 3053 4487 quem
3075 4401 3254 4467 Grae-

234 4510 323 4581 ci·
370 4501 687 4587 πεεὲοδον,
752 4522 879 4567 nos
942 4516 1098 4567 tum
1170 4498 1493 4565 ambitum
1536 4547 1559 4580 ‚
1621 4509 1771 4561 tum
1846 4492 2202 4563 circuitum
2247 4542 2266 4578 ,
2317 4508 2466 4563 tum
2513 4496 3172 4615 comprehensionem
3231 4546 3252 4581 ,

232 4626 372 4681 aut
412 4586 1022 4687 continuationem,
1072 4617 1189 4668 aut
1240 4594 1915 4689 circumscriptionem
1960 4595 2292 4662 dicimus:
2345 4614 2432 4661 an
2473 4592 2542 4665 in
2595 4598 2935 4688 principiis
2993 4601 3254 4682 solum,

231 4733 345 4779 an
403 4710 473 4777 in
519 4704 888 4786 extremis,
935 4721 1021 4767 an
1076 4702 1142 4768 in
1167 4695 2483 4793 utraquepartenumerustenendusfit.
2540 4698 2836 4787 Deinde,
2883 4695 3249 4798 cumaliud

238 4810 567 4879 videatur
634 4800 761 4869 effe
828 4798 1205 4889 numerus,
1277 4801 1461 4870 aliud
1531 4797 2020 4869 numerosum:
2092 4798 2254 4890 quid
2305 4798 2604 4867 interfit.
2657 4804 2844 4869 Tum
2897 4820 3121 4871 autem
3180 4802 3249 4865 in

230 4904 661 4981 omnibusne
710 4901 1009 4975 numeris
1056 4904 1395 4994 aequaliter
1442 4902 1810 4994 particulas
1831 4900 2065 4971 deceat
2116 4896 2448 4987 incidere,
2500 4921 2586 4969 an
2637 4903 2854 4971 facere
2905 4904 3068 4971 alias
3108 4898 3250 4968 bie·

234 5014 527 5100 viores,
575 5006 741 5078 alias
792 5006 1165 5098 longiores,
1213 5006 1411 5099 idque
1458 5005 1725 5099 quando
1764 5054 1785 5093 ,
1858 5021 1973 5073 aut
2020 5024 2139 5073 cur
2187 5054 2208 5091 ,
2257 4999 2613 5093 quibusque
2667 5000 2984 5091 partibus.
2970 5002 3255 5171 :bpizuri-

3043 5126 3082 5172 u
