4359 6321
39 10 122 30 ν-
135 10 440 21 ’-ν--νν-ᾞ---
463 10 512 17 -Ἷ
527 12 538 16 ν
553 12 578 14 --
589 12 660 16 ---v
709 12 738 14 -v-
849 10 880 17 v
927 12 934 15 <
945 10 956 18 v
999 12 1002 14 v
1051 12 1056 14 -
1077 12 1086 15 Ἴ
1127 10 1204 17 ——-
1275 12 1288 16 .-
1793 10 1806 19 7
1909 12 1916 15 ,
1941 22 1976 31 -.—
2139 10 2154 16 ,.
2248 10 2291 23 x

842 482 1467 573 LIBER
1589 479 2528 581 TERTIUS.
2916 510 3096 614 24t'

216 606 479 683 dicendi
530 600 626 671 est
674 599 907 674 modus
958 604 1259 689 melior,
1324 612 1349 687 (
1410 620 1569 667 nam
1620 599 1707 667 de
1757 600 2009 671 actione
2062 604 2202 693 post
2255 608 2476 677 videro
2533 618 2560 699 )
2629 630 2836 703 quam
2907 636 2982 685 ut
3035 624 3216 695 Lati-

220 736 351 798 ne,
400 724 471 777 ut
523 706 773 796 plane,
824 718 899 771 ut
950 722 1235 791 ornate,
1286 718 1361 772 ut
1410 703 1491 768 ad
1544 701 1609 769 id
1657 703 2190 797 ,quodcumque
2241 726 2536 803 agetur,
2587 732 2793 803 apte,
2842 738 3220 807 congruen-

174 816 445 903 'terque
494 807 855 877 dicamus?

316 919 541 1003 Atque
588 928 826 976 eorum
876 906 1149 998 quidem
1192 959 1213 994 ,
1279 932 1423 999 quae
1473 906 1609 977 duo
1664 906 1877 994 prima
1926 904 2065 974 dixi
2104 961 2123 996 ,
2193 912 2520 983 rationem
2571 939 2706 985 non
2761 918 3050 989 arbitror
3101 938 3222 991 ex·-

219 1013 482 1105 spestari
535 1030 575 1075 a
629 1031 733 1077 me
776 1063 797 1095 ,
865 1011 1081 1097 puri,
1148 1009 1559 1095 dilucidique
1610 1007 1981 1077 sermonis.
2056 1014 2296 1101 Neque
2341 1020 2526 1083 enim
2577 1040 2902 1092 conamur
2975 1026 3230 1093 docere

216 1136 369 1186 eum
418 1112 696 1199 dicere,
746 1112 857 1199 qui
914 1111 1093 1200 loqui
1150 1110 1453 1178 nesciat:
1522 1120 1667 1197 (a)
1740 1132 1862 1179 nec
1913 1109 2167 1199 sperare
2207 1166 2230 1200 ,
2295 1118 2412 1203 qui
2461 1117 2696 1185 Latine
2763 1144 2902 1191 non
2975 1126 3158 1213 poffit
3199 1166 3226 1213 ,-

216 1220 391 1289 hunc
444 1232 673 1283 ornate
720 1212 859 1281 esse
912 1211 1291 1283 dicturum:
1348 1231 1560 1301 neque
1616 1230 1821 1297 vero,
1874 1213 1982 1301 qui
2038 1227 2182 1281 non
2207 1215 2423 1301 dicat,
2473 1219 2656 1317 quod
2709 1221 3226 1313 intelligamuS,

214 1320 387 1389 hunc
446 1315 690 1405 posse,
742 1313 919 1404 quod
972 1315 1442 1400 admiremur,
1491 1312 1741 1379 dicere.
1794 1314 2216 1403 Linquamus
2269 1320 2475 1405 igitur
2527 1320 2668 1389 haec
2719 1370 2742 1405 ,
2793 1344 2940 1409 quae
2986 1326 3223 1417 cogni.

215 1424 465 1489 tionem
514 1416 755 1483 habent
812 1416 1141 1500 facilem,
1215 1415 1409 1483 usum
1462 1413 1963 1481 necessarium.
2038 1421 2214 1483 Nam
2268 1419 2554 1489 alterum
2606 1420 2890 1493 traditur
2943 1422 3150 1491 literis
3201 1476 3226 1513 ,

214 1522 649 1609 dosttinaque
698 1516 991 1605 puerili3
1068 1517 1353 1584 alterum
1408 1514 1755 1582 adhibetur
1822 1514 1905 1583 oh
1974 1538 2127 1587 eam
2174 1516 2446 1585 causam
2485 1571 2506 1604 ,
2575 1537 2652 1589 ut
2724 1522 3146 1613 intelligatur
3197 1578 3222 1611 ,

214 1622 369 1713 quid
424 1618 697 1710 quisque
751 1618 931 1687 dicat
968 1638 991 1678 .·
1070 1618 1247 1709 quod
1310 1620 1609 1689 videmus
1658 1618 1746 1684 ita
1798 1616 1932 1687 esse
1984 1619 2428 1691 necessarium
2468 1673 2490 1707 ,
2561 1636 2639 1693 ut
2689 1638 2912 1697 tamen
2959 1627 3224 1697 cosmi..

218 1744 351 1793 nus
402 1719 565 1787 nihil
624 1717 765 1803 esse
812 1718 1041 1809 poffit.

320 1821 444 1889 Sed
498 1824 715 1888 omnis
766 1822 1081 1913 loquendi
1150 1824 1487 1913 elegantia
1526 1874 1547 1907 ,
1618 1842 2003 1913 quanquam
2053 1824 2394 1917 expolitur
2465 1824 2734 1893 scientia
2786 1825 3141 1897 literarum
3197 1878 3224 1915 ,

220 1938 449 1993 tamen
500 1938 779 2011 augetur
832 1922 1127 2012 legendis
1180 1924 1549 1991 oratoribus
1604 1926 1673 1992 &
1734 1927 1941 2011 poetis
1976 1973 1993 1991 .
2069 1934 2236 1997 Sunt
2303 1927 2488 1995 enim
2561 1926 2660 1995 illi
2717 1942 2970 1996 veteres
3009 1979 3032 2015 ,
3099 1930 3220 2020 qui

214 2044 453 2091 ornare
506 2022 803 2090 nondum
856 2040 1203 2112 poterant,
1254 2048 1399 2115 quae
1454 2022 1805 2110 dicebant,
1854 2048 2087 2095 omnes
2142 2038 2344 2116 prope
2391 2028 2706 2115 praeclare
2755 2028 3002 2097 locuti:
3057 2048 3220 2117 quo-

211 2145 370 2191 rum
422 2126 567 2211 (b)
624 2123 927 2192 sermone
980 2124 1328 2195 assuefacti
1380 2127 1494 2221 qui
1546 2142 1740 2193 erunt
1782 2176 1803 2211 ,
1874 2149 1959 2195 ne
2010 2128 2345 2215 cupientes
2414 2129 2686 2219 quidem
2760 2142 3073 2217 poterunt
3124 2129 3224 2195 lo..

209 2228 371 2314 qui,
426 2224 543 2291 nist
565 2227 839 2303 Latine.
896 2230 1125 2315 Neque
1181 2245 1405 2297 tamen
1458 2228 1583 2294 erit
1638 2224 1965 2295 utendum
2020 2229 2244 2295 verbis
2297 2232 2417 2315 iis,
2465 2228 2702 2319 quibus
2753 2230 2892 2307 iam
2941 2226 3216 2298 consue-

212 2324 371 2393 tudo
424 2322 639 2393 nostra
696 2348 829 2393 non
886 2329 1136 2415 utitur,
1189 2330 1308 2397 nisi
1360 2328 1637 2420 quando
1684 2330 1961 2397 ornandi
2011 2327 2260 2449 causa,
2308 2351 2544 2421 parce,
2596 2328 2777 2421 quod
2831 2328 3209 2399 ostendam·

208 2426 319 2493 sed
370 2426 621 2495 ufitatis
675 2428 761 2495 ita
814 2434 1089 2517 poterit
1082 2432 1196 2497 uti
1240 2480 1263 2517 ,
1334 2429 1693 2497 lectiffimis
1746 2445 1821 2497 ut
1874 2446 2101 2505 utatur
2140 2478 2161 2517 ,
2235 2434 2292 2501 is
2333 2482 2356 2517 ,
2421 2433 2539 2525 qui
2588 2432 2699 2506 in
2686 2429 3044 2495 veteribus
3095 2428 3222 2497 erit

208 2524 469 2615 scriptis
530 2526 803 2597 studiose
860 2532 928 2599 &
988 2533 1283 2607 multum
1342 2529 1718 2599 volutatus.

312 2634 432 2696 XI.
487 2633 754 2721 Atque,
806 2648 883 2697 ut
942 2636 1175 2701 Latine
1228 2635 1628 2725 loquamur,
1678 2654 1811 2701 non
1864 2633 2085 2699 solum
2140 2578 2508 2700 videndum
2562 2628 2702 2713 est,
2751 2644 2828 2699 ut
2883 2628 2956 2699 &t
3021 2626 3216 2697 verba

204 2730 561 2799 efferamus
611 2754 684 2796 ea
728 2782 747 2815 ,
802 2724 945 2817 quae
996 2752 1199 2797 nemo
1248 2736 1397 2809 jure
1451 2730 1945 2818 reprehendat:
2003 2734 2073 2801 &
2129 2750 2206 2799 ea
2258 2730 2348 2800 fic
2404 2734 2475 2803 δι
2533 2727 2786 2803 casibus
2835 2780 2858 2813 ,
2913 2731 2986 2797 ὅ(
3045 2744 3216 2799 tem-

206 2828 513 2921 poribus,
568 2832 635 2898 &
696 2851 939 2919 genere
985 2882 1005 2915 ,
1056 2832 1127 2898 &
1186 2850 1470 2897 numero
1521 2831 1993 2900 conservemus
2030 2883 2053 2917 ,
2100 2848 2177 2897 ut
2229 2852 2314 2901 ne
2361 2831 2522 2922 quid
2575 2826 3086 2919 perturbatum,
3131 2850 3216 2899 ac

203 2931 587 3021 discrepans
627 2983 646 3015 ,
718 2948 833 3025 aut
888 2930 1351 3017 praeposterum
1408 2930 1483 2995 fit
1528 2956 1544 3000 z
1617 2931 1725 3000 led
1774 2934 1975 3000 etlam
2028 2932 2262 3023 lingua
2304 2985 2323 3017 ‚
2375 2934 2448 3001 δε
2509 2928 2771 3019 spiritus
2823 2982 2848 3017 ‚
2897 2932 2971 3001 &
3033 2932 3224 2999 vocis

204 3030 405 3099 sonus
450 3032 545 3097 est
598 3026 1223 3119 ipse'moderandus
1260 3078 1275 3098 .
1352 3030 1527 3097 Nolo
1580 3034 1867 3119 exprimi
1926 3034 2147 3101 literas
2219 3030 2506 3121 putidius
2546 3084 2568 3115 ,
2635 3030 2795 3101 nolo
2876 3028 3218 3098 obscurari

204 3132 696 3223 negligentius:
753 3130 907 3196 nolo
962 3130 1157 3198 verba
1208 3132 1475 3204 exiliter
1522 3132 1905 3198 examinata
1954 3134 2188 3217 exire,
2239 3133 2394 3201 nolo
2443 3128 2676 3200 inflata
2729 3134 2800 3200 &
2858 3130 3042 3219 quali
3100 3152 3219 3198 an·

203 3235 435 3302 helata
485 3232 755 3316 gravius
799 3277 815 3294 .
892 3235 1073 3296 Nam
1122 3231 1200 3295 de
1252 3251 1413 3294 voce
1468 3233 1765 3297 nondum
1831 3251 1915 3300 ea
1990 3231 2137 3300 dico
2175 3285 2200 3319 ,
2271 3254 2412 3322 quae
2467 3232 2616 3300 sunt
2689 3231 2966 3298 actionis
3014 3261 3044 3316 ,-
3115 3229 3220 3297 fied

207 3335 340 3402 hoc
392 3381 413 3414 ,
485 3327 657 3416 quod
711 3326 883 3390 mihi
931 3347 1091 3392 cum
1146 3325 1445 3392 sermone
1492 3329 1671 3414 quali
1723 3329 2165 3404 coniunstum
2219 3331 2472 3396 videtur
2518 3375 2536 3394 .
2589 3334 2756 3394 Sunt
2807 3332 2984 3392 enim
3037 3343 3218 3396 certa

206 3434 419 3514 vitia,
472 3451 612 3517 quae
667 3447 863 3494 nemo
916 3428 1051 3513 est,
1102 3429 1261 3514 quin
1312 3425 1605 3514 effugere
1656 3428 1933 3514 cupiat3
1986 3429 2208 3494 mollis
2265 3448 2396 3492 vox
2438 3477 2459 3509 ‚
2509 3443 2588 3490 ut
2641 3426 2984 3493 muliebris
3031 3476 3052 3510 ,
3104 3439 3218 3493 aut

206 3531 397 3622 quafi
450 3549 645 3596 extra
696 3525 975 3596 modum
1031 3527 1265 3595 abiona
1320 3545 1513 3616 atque
1568 3525 1902 3597 absurda.
1973 3527 2085 3592 Est
2154 3545 2380 3592 autem
2435 3525 2736 3610 vitium,
2805 3525 2980 3614 quod
3049 3545 3222 3590 non..

204 3633 389 3700 nulli
449 3631 534 3696 de
583 3629 903 3698 industria
957 3629 1419 3706 consectantur
1472 3652 1493 3714 3
1562 3628 1800 3694 rustica
1854 3645 1983 3691 vox
2040 3627 2107 3696 δι·
2168 3626 2438 3714 agrestis
2489 3623 2808 3714 quosdam
2857 3621 3142 3692 delestat
3194 3677 3222 3714 ,

203 3757 349 3824 quo
402 3735 617 3822 magis
669 3733 1131 3821 antiquitatem
1175 3785 1195 3816 ,
1248 3731 1295 3796 fi
1350 3731 1447 3796 ita
1502 3727 1687 3798 sonet
1725 3777 1749 3814 ,
1814 3747 2047 3794 eorum
2102 3723 2324 3792 sermo
2375 3727 2653 3795 retinere
2707 3724 3064 3794 videatur·
3039 3777 3064 3812 ,
3142 3741 3220 3795 ut

206 3855 431 3920 tuus,
482 3835 757 3916 Catule,
814 3831 1047 3896 ibclalis
1092 3881 1114 3912 ‚
1172 3837 1249 3892 L.
1272 3838 1474 3896 Cotta
1524 3839 1725 3916 (24)
1768 3879 1789 3912 ,
1840 3827 2125 3914 gaudere
2176 3826 2342 3892 mihi
2404 3827 2660 3893 videtur
2711 3827 3038 3914 gravitate
3089 3825 3218 3891 lin.

206 3961 363 4032 guae
406 3989 427 4022 ‚
498 3935 783 4022 sonoque
836 3929 1014 3995 vocis
1069 3927 1303 4024 agresti
1348 3982 1367 4014 ,
1444 3933 1514 3998 δε
1592 3925 1762 3994 illud
1822 3928 1993 4016 quod
2046 3926 2340 4018 loquitur
2384 3980 2405 4013 ,
2473 3927 2764 4016 priscum
2841 3925 3058 3993 visum
3135 3925 3218 3993 iri

208 4055 409 4128 putat
460 4087 479 4118 ,
529 4033 575 4099 fi
629 4033 839 4120 plane.
870 4031 1064 4096 fuerit
1122 4029 1523 4098 rusticanum
1563 4075 1579 4093 .
1656 4029 1771 4094 Me
1824 4045 2048 4096 autem
2099 4047 2256 4098 tuus
2309 4027 2512 4098 sonus
2555 4083 2575 4114 ,
2629 4031 2702 4100 δι’.
2761 4027 3048 4096 suavitas
3099 4025 3218 4097 ista

210 4137 557 4207 delectat:
628 4127 865 4200 omitto
928 4129 1281 4202 verborum
1322 4185 1341 4216 ,
1415 4151 1796 4220 quanquam
1848 4129 1939 4196 est
1988 4145 2189 4215 caput
2241 4154 2260 4190 ι
2315 4150 2555 4194 verum
2613 4129 2679 4193 id
2737 4125 2927 4193 affert
2985 4128 3156 4192 ratio
3193 4179 3220 4214 ,

214 4239 459 4306 docent
514 4237 771 4321 literae,
820 4233 1170 4302 confirmat
1224 4233 1635 4303 consuetudo
1691 4233 1760 4298 &
1818 4229 2124 4316 legendi,
2174 4230 2244 4298 ἃ.
2301 4226 2654 4316 loquendi.
2710 4225 2832 4294 Sed
2887 4225 3062 4296 hanc
3121 4227 3215 4294 di-

215 4363 301 4408 eo
358 4339 743 4405 suavitatem
780 4391 801 4422 ,
872 4357 1015 4426 quae
1066 4334 1207 4399 exit
1258 4355 1342 4398 ex
1396 4353 1508 4398 ore
1552 4354 1569 4394 ι
1630 4353 1769 4418 quae
1820 4329 2081 4418 quidem
2136 4379 2159 4414 ,
2226 4345 2301 4396 ut
2357 4326 2526 4417 apud
2583 4332 2907 4413 Graecos,
2959 4329 3220 4396 Attico·

216 4461 421 4528 rum,
472 4439 556 4505 fic
612 4441 679 4504 in
734 4441 969 4508 Latino
1022 4437 1359 4520 sermone,
1413 4431 1617 4512 huius
1672 4430 1760 4500 est
1812 4430 1985 4500 urbis
2039 4429 2334 4498 maxime
2383 4430 2683 4518 propria.
2737 4427 3028 4500 Athenis
3082 4431 3218 4508 iam

423 4545 705 4605 Tom.1.
2231 4531 2298 4600 Η
2349 4527 2396 4598 h
3001 4527 3118 4608 diu.

296 4947 418 5006 (a)
461 4949 568 4996 Nec
604 4937 857 5010 sperare)
898 4943 1076 4999 Iamb-
1114 4964 1211 5001 nec
1235 4944 1319 5016 (Pe
1314 4964 1557 5001 ramus.
1772 4963 1895 5023 gen
1880 4941 1973 5000 {us
2012 4941 2085 4998 est
2126 4984 2142 5008 ,
2199 4938 2292 5015 qui
2339 4937 2426 4998 his
2469 4938 2523 4998 In
2589 4935 2734 4996 libris
2777 4926 2935 4985 ῐΠ“”’·
2947 4927 2954 4936 ’
2991 4949 3038 4979 ··¹
3127 4919 3218 4986 Γθᾶ

298 5012 428 5077 (b)
466 5021 755 5074 sermono)
796 5015 967 5071 [amb.
996 5007 1275 5084 sermoni
1773 5017 1817 5071 al
1828 5035 1902 5070 ius
1918 5011 2041 5079 ,de
2080 5034 2186 5088 ’.1υο
2237 5011 2452 5076 mentio
2508 5010 2582 5073 cst
2621 5009 2682 5068 in
2719 5009 2824 5070 Br'¹
2932 5040 2941 5057 τ
2983 5024 2990 5033 ’
3045 5040 3090 5072 .·
3137 5009 3220 5072 3⁶

294 5087 461 5161 (34)
513 5083 726 5142 sodalis
767 5093 835 5144 L
868 5096 1033 5146 Cotta
1067 5093 1093 5153 )
1146 5091 1291 5148 Non
1322 5087 1416 5144 ille
1453 5084 1667 5147 intelli-
1773 5090 2086 5146 Petamus.
