4359 6321
55 3877 68 4146 l

769 544 1380 639 LIBER
1501 550 2599 655 SECUNDUS.
2928 575 3091 679 169

310 670 494 739 XXI.
547 660 774 755 Atque
815 721 835 754 ‚
889 684 964 735 ut
1017 689 1056 734 a
1113 666 1427 737 familiari
1477 666 1696 737 nostro
1749 671 2054 738 exordiar
2095 727 2116 759 ,
2169 677 2355 749 bunc
2408 703 2535 771 ego
2571 736 2594 769 ‚
2642 684 2885 751 Catule
2920 737 2945 773 ,
2994 688 3213 772 Sulpi-

210 774 429 856 cium,
485 790 644 837 cum
695 772 988 858 primurn
1045 770 1116 836 in
1169 769 1367 841 causa
1419 771 1698 859 parvula
1749 772 2327 848 adolescentulum
2380 785 2649 871 audivi,
2708 804 2907 871 voce,
2960 788 3031 857 δε
3079 785 3214 851 for.

209 894 314 941 ma
361 926 380 957 ‚
435 872 512 939 δε
573 886 760 939 motu
813 872 1106 957 corporis
1145 921 1168 955 ,
1245 874 1316 939 δε
1377 873 1646 961 reliquis
1701 872 1896 941 rebus
1949 890 2182 962 aptum
2232 881 2319 949 ad
2368 882 2495 953 hoc
2552 907 2801 954 munus
2856 936 2879 972 ‚
2944 886 3023 952 de
3076 905 3209 974 quo

207 975 617 1063 quaerimus:
689 972 986 1038 oratione
1057 986 1284 1037 autem
1359 972 1559 1039 celeri
1635 976 1706 1042 δε
1781 976 2108 1044 concitata
2148 1029 2168 1063 ,
2240 986 2471 1073 (quod
2542 1006 2686 1053 erat
2756 989 3061 1077 ingenii)
3133 988 3207 1054 ὅ(

207 1072 408 1144 verbis
463 1070 1032 1141 effervescentibus
1069 1124 1092 1155 ,
1167 1073 1238 1140 ὅ(
1301 1074 1498 1161 paulo
1555 1075 1842 1143 nimium
1895 1077 2413 1149 redundantibus
2492 1086 2717 1175 (quod
2756 1104 2901 1155 erat
2951 1089 3212 1173 aetatis)

207 1198 337 1245 non
393 1172 548 1241 sum
609 1172 1022 1261 aspernatus.
1078 1171 1252 1239 Volo
1305 1173 1488 1239 enim
1543 1176 1604 1240 se
1658 1174 1884 1243 efferat
1939 1178 2006 1241 in
2058 1178 2467 1250 adolescente
2524 1184 2897 1255 fecunditas
2937 1235 2952 1250 .
3032 1193 3211 1255 Nam

210 1276 535 1362 facilius3
587 1275 754 1343 ficut
810 1277 876 1343 in
933 1270 1175 1339 vitibus
1215 1324 1236 1357 ‚
1307 1294 1709 1345 revocantur
1762 1298 1840 1344 ea
1884 1330 1904 1362 ‚
1975 1300 2118 1367 quae
2169 1280 2301 1348 sese
2354 1284 2641 1351 nimium
2692 1286 3137 1373 profuderunt
3192 1341 3215 1377 ,

213 1398 407 1468 quam
455 1432 478 1465 ,
533 1375 581 1444 fi
635 1376 799 1443 nibil
857 1375 1032 1441 valet
1091 1376 1402 1443 materies
1445 1428 1467 1462 ,
1521 1399 1698 1445 nova
1756 1377 2086 1445 sarmenta
2143 1382 2410 1451 cultura
2460 1389 2905 1475 excitantur3
2958 1389 3215 1477 ita-vo-

213 1480 276 1547 lo
323 1480 446 1549 effe
497 1480 567 1547 in
625 1477 1030 1545 adolescente
1069 1528 1090 1561 ‚
1143 1475 1317 1543 unde
1373 1478 1622 1567 aliquid
1678 1498 2016 1569 amputem
2049 1506 2074 1545 t
2142 1506 2279 1551 non
2330 1487 2512 1553 enim
2567 1488 2769 1575 potest
2840 1491 2907 1555 in
2963 1509 3041 1557 eo
3090 1490 3214 1558 effe

213 1580 444 1653 succus
513 1581 874 1647 diuturnus
910 1631 930 1663 ,
1005 1580 1178 1667 quod
1249 1578 1448 1645 nimis
1517 1582 1824 1651 celeriter
1895 1581 1986 1648 est
2054 1588 2513 1653 maturitatem
2564 1590 2921 1659 assecutum
2964 1638 2979 1656 .
3056 1589 3213 1657 Vidi

213 1682 434 1751 statim
487 1681 773 1749 indolem
815 1734 840 1767 ,
889 1700 1102 1769 neque
1153 1678 1366 1749 dimili
1423 1696 1682 1772 tempus
1719 1738 1741 1771 ‚
1818 1687 1887 1754 &
1929 1706 2100 1753 eum
2156 1686 2303 1754 sum
2356 1688 2741 1757 cohortatus
2784 1746 2805 1777 ‚
2864 1706 2937 1757 ut
2990 1691 3215 1759 forum

213 1784 325 1850 fibi
383 1784 616 1852 ludum
671 1799 928 1872 putaret
985 1781 1104 1849 effe
1195 1782 1275 1849 ad
1331 1781 1777 1861 discendum;
1851 1786 2245 1875 magistrum
2314 1806 2539 1857 autem
2580 1842 2603 1875 ‚
2670 1813 2871 1880 qmm
2950 1792 3150 1859 vellet
3193 1845 3219 1877 ‚

212 1885 528 1971 eligeret:
580 1906 686 1959 me
737 1885 1002 1973 quidem
1056 1882 1101 1947 fi
1155 1883 1452 1968 audiret,
1505 1891 1582 1951 L.
1633 1888 1967 1955 Craffum.
2025 1890 2222 1971 Quod
2276 1888 2390 1957 iste
2444 1894 2757 1979 arripuit,
2814 1897 2883 1963 &
2939 1895 3033 1961 ita
3086 1891 3217 1959 sese

185 1985 566 2051 fati-urum
616 1984 1084 2063 confirmavit,
1139 1999 1336 2067 atque
1389 1984 1588 2049 etiam
1641 1986 1894 2053 addidit
1935 2040 1960 2071 ‚
2004 1992 2231 2075 gratiae
2292 1990 2537 2061 scilicet
2590 1994 2785 2061 causa
2826 2048 2846 2081 ‚
2900 2014 3007 2063 me
3056 2016 3215 2084 quo·

213 2107 346 2175 que
402 2084 516 2150 fibi
573 2081 960 2172 magistrum
1017 2080 1320 2149 futurum
1355 2130 1376 2144 .
1447 2085 1585 2149 Vix
1640 2107 1852 2153 annus
1923 2090 2363 2156 intercefferat
2433 2094 2513 2157 ab
2562 2095 2685 2161 hoc
2758 2094 3058 2163 sermone
3108 2118 3219 2161 co-

212 2187 620 2253 hortationis
672 2204 832 2253 meae.
871 2233 892 2268 ,
962 2201 1122 2249 cum
1175 2180 1290 2246 iste
1344 2182 1675 2249 accusavit
1743 2192 1817 2251 C.
1871 2184 2263 2255 Norbanum
2303 2240 2324 2273 ‚
2373 2188 2771 2258 defendente
2825 2216 2933 2263 me
2974 2242 2988 2257 .
3064 2198 3221 2261 Non

216 2287 308 2358 est
360 2284 668 2353 credibile
703 2339 724 2369 ,
793 2284 954 2374 quid
1025 2282 1313 2347 interesse
1383 2282 1552 2351 mihi
1603 2286 1680 2351 fit
1733 2286 1951 2354 visum
2003 2287 2175 2355 inter
2226 2310 2384 2359 eum
2425 2342 2444 2375 ‚
2514 2292 2629 2381 qui
2684 2308 2830 2361 turn
2879 2308 3016 2361 erat
3052 2347 3073 2379 ‚
3139 2298 3223 2365 δε,

219 2390 330 2481 qui
385 2407 564 2455 anno
613 2404 766 2453 ante
817 2386 1038 2452 fuerat
1075 2430 1090 2447 .
1145 2381 1441 2449 Omnino
1491 2385 1560 2453 in
1615 2386 1780 2453 inud
1835 2408 2051 2475 genus
2103 2410 2263 2457 cum
2315 2390 2517 2457 Craffi
2572 2394 3011 2481 magnificum
3053 2444 3075 2477 ,
3124 2411 3219 2459 at-

220 2510 348 2583 que
399 2488 792 2577 praeclarum
847 2502 1091 2553 natura
1163 2482 1299 2568 ipsa
1351 2482 1680 2551 ducebat:
1755 2485 1856 2553 sed
1925 2508 2004 2553 ea
2073 2511 2211 2557 non
2269 2488 2421 2557 satis
2488 2494 2807 2578 proficere
2858 2494 3149 2583 potuisset
3202 2554 3224 2585 ‚

219 2591 339 2663 nili
392 2591 674 2675 eodem,
721 2586 936 2658 studio
987 2600 1178 2672 atque
1229 2584 1638 2671 imitatione,
1691 2586 2104 2675 intendisset,
2153 2604 2347 2681 atque
2397 2591 2489 2657 ita
2537 2594 2753 2661 dicere
2802 2595 3162 2663 consuesset
3200 2651 3222 2687 ,

219 2709 295 2761 ut
347 2708 486 2760 tota
543 2710 766 2759 mente
819 2686 1118 2755 Craffum
1176 2702 1368 2775 atque
1420 2690 1604 2754 omni
1661 2692 1886 2755 animo
1939 2690 2345 2761 intueretur.

322 2796 550 2861 XXII.
606 2796 784 2881 Ergo
838 2792 960 2855 hoc
1015 2786 1090 2853 fit
1145 2788 1438 2874 primum
1489 2794 1560 2856 in
1611 2792 1950 2881 praeceptis
2001 2794 2168 2858 meis
2206 2846 2227 2881 ,
2274 2810 2348 2863 ut
2398 2794 2966 2883 demonstremus,
3019 2818 3220 2887 quem

219 2899 561 2980 imitetur,
612 2912 808 2984 atque
861 2892 993 2972 ita,
1045 2904 1156 2974 ut,
1207 2912 1351 2977 quae
1405 2892 1702 2958 maxime
1755 2891 2093 2959 excellant
2147 2896 2217 2961 in
2267 2915 2349 2963 eo
2401 2917 2604 2986 quem
2656 2897 3017 2968 imitabitur
3059 2951 3080 2987 ‚
3146 2919 3227 2967 ea

219 2994 710 3087 diligentiffime
761 2992 1216 3081 persequatur.
1274 2994 1458 3059 Tum
1513 2992 1776 3061 accedat
1827 2996 2213 3064 exercitatio
2256 3050 2277 3084 ‚
2328 3018 2460 3087 qua
2508 2999 2706 3067 illum
2748 3052 2769 3087 ,
2818 3021 3020 3091 quem
3072 3017 3229 3067 ante

219 3100 544 3187 delegerit
590 3150 613 3184 ,
661 3094 983 3165 imitando
1031 3094 1302 3180 effingat
1339 3147 1362 3181 ,
1415 3111 1610 3185 atque
1661 3097 1754 3162 ita
1805 3094 2128 3185 exprimat
2170 3150 2192 3186 ,
2258 3120 2396 3168 non
2444 3116 2521 3170 ut
2568 3101 2815 3172 multos
2871 3104 3229 3172 imitatores

223 3199 388 3285 saepe
443 3199 773 3282 cognovi,
823 3197 936 3281 qui
993 3211 1106 3258 aut
1159 3215 1278 3276 ea,
1328 3218 1466 3282 quae
1523 3197 1746 3265 facilia
1801 3195 1994 3285 sunt,
2044 3214 2157 3266 aut
2210 3201 2413 3268 etiam
2466 3202 2625 3288 illa,
2678 3226 2819 3291 quae
2872 3204 3155 3292 infignia
3202 3255 3225 3286 ‚

223 3319 306 3364 ac
361 3315 524 3380 pene
581 3291 851 3379 vitiosa,
904 3289 1360 3358 conseaantur
1413 3297 1730 3362 imitando
1766 3342 1782 3359 .
1863 3297 2047 3363 Nihil
2099 3298 2191 3364 est
2242 3299 2507 3366 facilius
2544 3352 2567 3385 ,
2634 3321 2837 3386 quam
2909 3302 3232 3368 amictum

221 3397 486 3464 imitari
539 3391 858 3475 alicuiuS‚
910 3405 1022 3458 aut
1075 3391 1357 3477 statum,
1407 3411 1521 3460 aut
1579 3410 1884 3462 motum.
1940 3397 2006 3458 Si
2057 3416 2215 3462 vero
2263 3400 2467 3463 etiam
2520 3397 2755 3463 vitiose
2810 3400 3057 3488 aliquid
3100 3397 3232 3484 est,

217 3499 290 3566 id
349 3495 656 3577 sumere,
713 3495 784 3562 &
843 3494 912 3559 in
963 3511 1045 3557 eo
1097 3491 1404 3562 vitiofirm
1455 3493 1572 3560 effe
1611 3546 1632 3578 ‚
1699 3514 1832 3559 non
1889 3513 2219 3581 magnum
2286 3493 2378 3560 est
2424 3523 2439 3562 z
2511 3512 2582 3560 ut
2636 3494 2749 3562 ille
2788 3547 2809 3582 ‚
2882 3499 2997 3590 qui
3050 3519 3231 3568 nunc

215 3602 426 3668 etiam
459 3652 479 3685 ,
530 3595 752 3662 amissa
809 3613 1016 3676 voce,
1090 3593 1248 3660 furit
1296 3595 1366 3664 in
1418 3593 1752 3680 republica
1805 3594 1856 3656 F
1867 3591 2040 3662 usius
2081 3646 2102 3680 ,
2173 3611 2411 3663 nervos
2463 3597 2531 3662 in
2592 3595 2877 3668 dicendo
2924 3603 2997 3666 C·
3052 3597 3234 3668 Fim-

215 3702 421 3783 briae,
481 3717 644 3786 quos
697 3712 924 3762 tamen
980 3691 1206 3760 habuit
1261 3695 1418 3783 ille,
1469 3716 1602 3762 non
1656 3695 2066 3782 affequitur;
2135 3697 2278 3762 oris
2330 3698 2725 3782 parvitatem
2766 3748 2788 3784 ,
2858 3700 2929 3766 δε
3012 3697 3233 3767 verbo-

218 3821 382 3872 rum
441 3793 865 3865 latitudinem
919 3795 1216 3860 imitatur
1259 3843 1274 3859 .
1354 3797 1482 3865 Sed
1533 3813 1753 3863 tamen
1807 3795 1924 3861 ille
1980 3816 2099 3862 nec
2152 3796 2447 3884 deligere
2501 3796 2732 3880 scivit,
2796 3798 2991 3876 cujus
3042 3797 3237 3885 potis-

156 3919 166 3928 ·
221 3907 482 3974 fimum
537 3897 764 3966 similis
813 3897 956 3965 esset
993 3949 1015 3982 ‚
1085 3897 1154 3964 δε
1211 3893 1281 3960 in
1347 3920 1430 3966 eo
1478 3895 1616 3986 ipso
1655 3949 1676 3983 ,
1749 3915 1950 3985 quem
2021 3895 2351 3986 delegerat
2403 3949 2423 3986 ,
2494 3897 2737 3964 imitari
2802 3899 3004 3970 etiarn
3079 3900 3236 3968 vitia

223 4007 489 4076 voluit.

330 4107 470 4188 Qui
524 4115 749 4170 autem
801 4103 892 4168 ita
945 4103 1140 4168 faciet
1182 4153 1203 4188 ,
1252 4117 1326 4170 ut
1377 4113 1680 4193 oportet,
1737 4093 2040 4190 primum‘
2085 4101 2315 4192 vigilet
2368 4101 2610 4170 necelse
2676 4101 2769 4172 est
2821 4106 2891 4170 in
2944 4098 3239 4191 deligen-

227 4209 318 4276 do
356 4234 376 4274 ι
429 4204 667 4274 deinde
709 4257 727 4289 ‚
777 4224 976 4292 quem
1029 4201 1322 4290 probavit
1364 4258 1384 4292 ,
1433 4207 1500 4272 in
1555 4225 1676 4293 eo,
1731 4225 1871 4292 quae
1927 4205 2223 4270 maxime
2270 4204 2601 4272 excellent
2639 4252 2661 4291 ‚
2730 4224 2810 4272 ea
2876 4201 3241 4293 diligentis-

227 4313 389 4376 fime
439 4305 900 4398 persequatur.
954 4305 1131 4389 Qid
1182 4309 1360 4374 enim
1415 4306 1620 4375 causa:
1674 4303 1954 4372 censetis
2003 4305 2124 4371 effe
2163 4357 2185 4390 ,
2252 4325 2373 4374 cur
2418 4319 2633 4380 aetates
2702 4306 3064 4374 extulerint
3114 4303 3242 4370 fin-

225 4413 390 4501 gula
449 4429 650 4497 prope
703 4428 950 4498 genera
1003 4407 1268 4473 dicendi
1311 4411 1345 4471 .?
1418 4405 1595 4497 quod
1650 4427 1784 4472 non
1839 4421 1976 4472 tam
2031 4400 2222 4473 facile
2272 4405 2344 4473 in
2397 4404 2634 4474 nostris
2681 4403 3047 4474 oratoribus
3096 4403 3241 4494 pos-

229 4513 470 4584 sumus
519 4511 810 4588 judicare
849 4563 870 4593 ‚
939 4509 1091 4598 quia
1144 4507 1377 4598 scripta
1419 4561 1440 4594 ‚
1507 4530 1594 4574 ex
1649 4505 1885 4597 quibus
1937 4507 2254 4584 judicium
2310 4507 2457 4576 fieri
2507 4499 2707 4594 posset
2750 4562 2771 4597 ,
2837 4529 2972 4575 non
3025 4507 3243 4578 multa

227 4617 382 4682 iane
441 4612 866 4701 reliquerunt
912 4664 932 4696 ,
983 4631 1185 4699 quam
1241 4613 1309 4680 in
1366 4612 1653 4678 Graecis:
1710 4629 1795 4676 ex
1852 4629 2138 4698 quorum
2163 4607 2465 4698 scriptis,
2514 4609 2837 4700 cujusque
2887 4610 3248 4701 aetatisquae

227 4714 502 4786 dicendi
556 4715 728 4779 ratio
761 4767 782 4798 ‚
837 4711 1278 4802 voluntasque
1330 4711 1571 4798 fuerit,
1621 4712 1913 4800 intelligi
1967 4709 2205 4799 potest.
3046 4713 3145 4772 ἱ
3237 4713 3253 4804 3

339 4803 804 4903 Antiquissimi
862 4814 996 4885 fere
1049 4813 1241 4900 sunt,
1291 4836 1578 4905 quorum
1632 4811 1908 4904 quidem
1961 4811 2199 4902 scripta
2254 4811 2550 4882 constent
2592 4863 2613 4900 ,
2664 4811 2946 4880 Pericles
2986 4858 3009 4898 ,
3058 4825 3253 4898 atque

236 4915 625 4986 Alcibiades
664 4965 685 4999 ‚
759 4916 830 4982 δε
884 4915 1112 4988 eadem
1183 4934 1375 4986 aetate
1431 4913 1876 4999 Thucydides
1926 4945 1949 5006 ,-
2007 4913 2275 4984 subtiles
2317 4968 2337 5002 ,
2389 4915 2609 5002 acuti,
2658 4913 2886 4983 breves
2921 4961 2943 4995 ,
2996 4911 3257 4978 senten-

235 5023 346 5089 tiis
403 5017 663 5104 magis‚
711 5035 913 5106 quarn
968 5015 1180 5088 verbis
1232 5018 1675 5088 abundantes.
1731 5020 1885 5084 Non
1936 5019 2228 5107 potuiffet
2278 5018 2571 5085 accidere
2609 5067 2630 5101 ‚
2700 5033 2777 5084 ut
2826 5031 3041 5082 unum
3092 5011 3247 5078 effer

237 5124 556 5192 omnium
611 5137 876 5210 genus,
924 5120 1046 5188 nifi
1099 5121 1405 5213 aliquem
1460 5122 1571 5191 fibi
1621 5136 2064 5213 proponerent
2121 5117 2205 5184 ad
2248 5115 2682 5190 imitandum.
2714 5113 3089 5285 ‘Consecuzi
3111 5111 3261 5181 stlat

461 5227 633 5289 Tom.
687 5228 740 5289 Ι.
2155 5221 2221 5282 Y
3088 5236 3157 5285 os

1620 6 1871 43 :PL-*ww*
1964 6 2430 37 “ww-
2446 6 2778 27 *Ῥῖνα
2797 6 4008 41 *xss-F-*vrzsa-W-“—
4031 6 4300 15 *ἡ
