<?xml version="1.0" encoding="UTF-8"?>
<!DOCTYPE html PUBLIC "-//W3C//DTD XHTML 1.0 Transitional//EN"
    "http://www.w3.org/TR/xhtml1/DTD/xhtml1-transitional.dtd">
<html xmlns="http://www.w3.org/1999/xhtml" xml:lang="en" lang="en">
 <head>
  <title>
</title>
<meta http-equiv="Content-Type" content="text/html;charset=utf-8" />
  <meta name='ocr-system' content='tesseract 3.04.00' />
  <meta name='ocr-capabilities' content='ocr_page ocr_carea ocr_par ocr_line ocrx_word'/>
</head>
<body>
  <div class='ocr_page' id='page_1' title='image "./operacumdelectu00dgoog_0278.png"; bbox 0 0 4359 6321; ppageno 0'>
   <div class='ocr_carea' id='block_1_1' title="bbox 1241 408 3306 545">
    <p class='ocr_par' dir='ltr' id='par_1_1' title="bbox 1241 408 3306 545">
     <span class='ocr_line' id='line_1_1' title="bbox 1241 408 3306 545; baseline -0.009 -27"><span class='ocrx_word' id='word_1_1' title='bbox 1241 425 1435 545; x_wconf 76' lang='lat'>256</span> <span class='ocrx_word' id='word_1_2' title='bbox 1960 412 2224 505; x_wconf 79' lang='lat' dir='ltr'>DE</span> <span class='ocrx_word' id='word_1_3' title='bbox 2349 408 3306 503; x_wconf 74' lang='lat' dir='ltr'><em>ORATORE</em></span> 
     </span>
    </p>
   </div>
   <div class='ocr_carea' id='block_1_2' title="bbox 1114 526 3630 1237">
    <p class='ocr_par' dir='ltr' id='par_1_2' title="bbox 1114 526 3334 831">
     <span class='ocr_line' id='line_1_2' title="bbox 1114 526 3334 630; baseline -0.009 -17"><span class='ocrx_word' id='word_1_4' title='bbox 1114 546 1407 630; x_wconf 82' lang='lat' dir='ltr'>incidat,</span> <span class='ocrx_word' id='word_1_5' title='bbox 1458 535 1809 628; x_wconf 78' lang='lat' dir='ltr'><strong>adspiciat,</strong></span> <span class='ocrx_word' id='word_1_6' title='bbox 1863 533 2266 620; x_wconf 82' lang='lat' dir='ltr'>admiretur,</span> <span class='ocrx_word' id='word_1_7' title='bbox 2315 530 2668 621; x_wconf 82' lang='lat' dir='ltr'>stupescat.</span> <span class='ocrx_word' id='word_1_8' title='bbox 2720 529 2904 619; x_wconf 75' lang='lat' dir='ltr'>Quid</span> <span class='ocrx_word' id='word_1_9' title='bbox 2953 530 3070 600; x_wconf 86' lang='lat' dir='ltr'>ille</span> <span class='ocrx_word' id='word_1_10' title='bbox 3119 526 3334 597; x_wconf 72' lang='lat' dir='ltr'>alter?</span> 
     </span>
     <span class='ocr_line' id='line_1_3' title="bbox 1516 735 2306 831; baseline -0.008 -21"><span class='ocrx_word' id='word_1_11' title='bbox 1516 743 1696 831; x_wconf 74' lang='lat' dir='ltr'>,Quid</span> <span class='ocrx_word' id='word_1_12' title='bbox 1739 758 1959 829; x_wconf 80' lang='lat' dir='ltr'>petam</span> <span class='ocrx_word' id='word_1_13' title='bbox 2000 735 2306 830; x_wconf 75' lang='lat' dir='ltr'>praefidi?</span> 
     </span>
    </p>

    <p class='ocr_par' dir='ltr' id='par_1_3' title="bbox 1115 908 3630 1237">
     <span class='ocr_line' id='line_1_4' title="bbox 1115 908 3630 1040; baseline -0.008 -19"><span class='ocrx_word' id='word_1_14' title='bbox 1115 968 1319 1040; x_wconf 82' lang='lat' dir='ltr'>quam</span> <span class='ocrx_word' id='word_1_15' title='bbox 1368 945 1661 1015; x_wconf 79' lang='lat' dir='ltr'>leniter?</span> <span class='ocrx_word' id='word_1_16' title='bbox 1720 964 1923 1035; x_wconf 87' lang='lat' dir='ltr'>quam</span> <span class='ocrx_word' id='word_1_17' title='bbox 1975 908 2286 1011; x_wconf 76' lang='lat' dir='ltr'>remiss&#39;e?</span> <span class='ocrx_word' id='word_1_18' title='bbox 2339 958 2546 1030; x_wconf 90' lang='lat' dir='ltr'>quam</span> <span class='ocrx_word' id='word_1_19' title='bbox 2595 954 2730 1001; x_wconf 89' lang='lat' dir='ltr'>non</span> <span class='ocrx_word' id='word_1_20' title='bbox 2783 929 3088 1001; x_wconf 68' lang='lat' dir='ltr'>astuose?</span> <span class='ocrx_word' id='word_1_21' title='bbox 3143 927 3348 999; x_wconf 81' lang='lat' dir='ltr'>Instat</span> <span class='ocrx_word' id='word_1_22' title='bbox 3395 930 3630 1019; x_wconf 85' lang='lat' dir='ltr'>enim,</span> 
     </span>
     <span class='ocr_line' id='line_1_5' title="bbox 1517 1104 2943 1237; baseline -0.013 -22"><span class='ocrx_word' id='word_1_23' title='bbox 1517 1156 1568 1215; x_wconf 90' lang='lat'><strong>0</strong></span> <span class='ocrx_word' id='word_1_24' title='bbox 1612 1104 1843 1237; x_wconf 58' lang='lat' dir='ltr'>parer,</span> <span class='ocrx_word' id='word_1_25' title='bbox 1894 1169 1925 1211; x_wconf 87' lang='lat' dir='ltr'>o</span> <span class='ocrx_word' id='word_1_26' title='bbox 1970 1151 2236 1233; x_wconf 70' lang='lat' dir='ltr'>patria,</span> <span class='ocrx_word' id='word_1_27' title='bbox 2285 1164 2316 1204; x_wconf 89' lang='grc' dir='ltr'><strong><em>ο</em></strong></span> <span class='ocrx_word' id='word_1_28' title='bbox 2372 1142 2625 1207; x_wconf 80' lang='lat' dir='ltr'><em>Priami</em></span> <span class='ocrx_word' id='word_1_29' title='bbox 2675 1132 2943 1205; x_wconf 78' lang='lat' dir='ltr'>domus!</span> 
     </span>
    </p>
   </div>
   <div class='ocr_carea' id='block_1_3' title="bbox 1070 1332 4128 4244">
    <p class='ocr_par' dir='ltr' id='par_1_4' title="bbox 1070 1332 4128 1745">
     <span class='ocr_line' id='line_1_6' title="bbox 1115 1332 4128 1442; baseline -0.002 -23"><span class='ocrx_word' id='word_1_30' title='bbox 1115 1355 1183 1421; x_wconf 89' lang='lat' dir='ltr'>in</span> <span class='ocrx_word' id='word_1_31' title='bbox 1232 1372 1369 1442; x_wconf 92' lang='lat' dir='ltr'>quo</span> <span class='ocrx_word' id='word_1_32' title='bbox 1420 1366 1603 1419; x_wconf 87' lang='lat' dir='ltr'>tanta</span> <span class='ocrx_word' id='word_1_33' title='bbox 1658 1347 2071 1419; x_wconf 85' lang='lat' dir='ltr'>commoveri</span> <span class='ocrx_word' id='word_1_34' title='bbox 2124 1342 2298 1409; x_wconf 62' lang='lat' dir='ltr'>aestio</span> <span class='ocrx_word' id='word_1_35' title='bbox 2350 1364 2482 1408; x_wconf 92' lang='lat' dir='ltr'>non</span> <span class='ocrx_word' id='word_1_36' title='bbox 2544 1342 2777 1430; x_wconf 82' lang='lat' dir='ltr'>posset,</span> <span class='ocrx_word' id='word_1_37' title='bbox 2829 1338 2876 1404; x_wconf 86' lang='lat' dir='ltr'><strong>fi</strong></span> <span class='ocrx_word' id='word_1_38' title='bbox 2927 1335 3078 1405; x_wconf 83' lang='lat' dir='ltr'>effet</span> <span class='ocrx_word' id='word_1_39' title='bbox 3129 1332 3521 1426; x_wconf 82' lang='lat' dir='ltr'>consumpta</span> <span class='ocrx_word' id='word_1_40' title='bbox 3575 1337 3911 1429; x_wconf 75' lang='lat' dir='ltr'>superiore</span> <span class='ocrx_word' id='word_1_41' title='bbox 3979 1368 4128 1419; x_wconf 76' lang='lat' dir='ltr'>mo-</span> 
     </span>
     <span class='ocr_line' id='line_1_7' title="bbox 1114 1438 4118 1539; baseline -0.004 -17"><span class='ocrx_word' id='word_1_42' title='bbox 1114 1472 1234 1539; x_wconf 94' lang='lat' dir='ltr'>tu,</span> <span class='ocrx_word' id='word_1_43' title='bbox 1285 1457 1354 1521; x_wconf 88' lang='lat'>&amp;</span> <span class='ocrx_word' id='word_1_44' title='bbox 1413 1452 1727 1517; x_wconf 82' lang='lat' dir='ltr'>exhausta</span> <span class='ocrx_word' id='word_1_45' title='bbox 1761 1494 1776 1513; x_wconf 86' lang='lat'><strong>.</strong></span> <span class='ocrx_word' id='word_1_46' title='bbox 1832 1450 2064 1532; x_wconf 85' lang='lat' dir='ltr'>Neque</span> <span class='ocrx_word' id='word_1_47' title='bbox 2116 1443 2178 1508; x_wconf 92' lang='lat' dir='ltr'>id</span> <span class='ocrx_word' id='word_1_48' title='bbox 2232 1442 2483 1513; x_wconf 68' lang='lat' dir='ltr'>astores</span> <span class='ocrx_word' id='word_1_49' title='bbox 2539 1445 2716 1533; x_wconf 86' lang='lat' dir='ltr'>prius</span> <span class='ocrx_word' id='word_1_50' title='bbox 2769 1438 3124 1521; x_wconf 86' lang='lat' dir='ltr'>viderunt,</span> <span class='ocrx_word' id='word_1_51' title='bbox 3177 1458 3380 1525; x_wconf 86' lang='lat' dir='ltr'>quam</span> <span class='ocrx_word' id='word_1_52' title='bbox 3433 1438 3550 1527; x_wconf 88' lang='lat' dir='ltr'>ipfi</span> <span class='ocrx_word' id='word_1_53' title='bbox 3603 1460 3805 1529; x_wconf 84' lang='lat' dir='ltr'>poetae</span> <span class='ocrx_word' id='word_1_54' title='bbox 3845 1496 3869 1533; x_wconf 90' lang='lat'>,</span> <span class='ocrx_word' id='word_1_55' title='bbox 3917 1471 4118 1537; x_wconf 72' lang='lat' dir='ltr'>quam</span> 
     </span>
     <span class='ocr_line' id='line_1_8' title="bbox 1114 1537 4116 1641; baseline 0.001 -22"><span class='ocrx_word' id='word_1_56' title='bbox 1114 1554 1394 1641; x_wconf 87' lang='lat' dir='ltr'>denique</span> <span class='ocrx_word' id='word_1_57' title='bbox 1445 1552 1541 1617; x_wconf 91' lang='lat' dir='ltr'>illi</span> <span class='ocrx_word' id='word_1_58' title='bbox 1594 1547 2008 1635; x_wconf 87' lang='lat' dir='ltr'>etiam,·qui</span> <span class='ocrx_word' id='word_1_59' title='bbox 2060 1544 2362 1621; x_wconf 81' lang='lat' dir='ltr'>fecerunt</span> <span class='ocrx_word' id='word_1_60' title='bbox 2415 1548 2644 1613; x_wconf 88' lang='lat' dir='ltr'>modos</span> <span class='ocrx_word' id='word_1_61' title='bbox 2685 1596 2705 1628; x_wconf 90' lang='lat'>,</span> <span class='ocrx_word' id='word_1_62' title='bbox 2775 1562 2812 1606; x_wconf 87' lang='lat' dir='ltr'>a</span> <span class='ocrx_word' id='word_1_63' title='bbox 2869 1537 3107 1630; x_wconf 90' lang='lat' dir='ltr'>quibus</span> <span class='ocrx_word' id='word_1_64' title='bbox 3157 1540 3448 1628; x_wconf 82' lang='lat' dir='ltr'>utrisque</span> <span class='ocrx_word' id='word_1_65' title='bbox 3502 1539 3946 1619; x_wconf 81' lang='lat' dir='ltr'>summittitur</span> <span class='ocrx_word' id='word_1_66' title='bbox 3995 1554 4116 1621; x_wconf 83' lang='lat' dir='ltr'>ali-</span> 
     </span>
     <span class='ocr_line' id='line_1_9' title="bbox 1070 1640 3746 1745; baseline -0.003 -23"><span class='ocrx_word' id='word_1_67' title='bbox 1070 1654 1317 1745; x_wconf 86' lang='lat' dir='ltr'>·quid,</span> <span class='ocrx_word' id='word_1_68' title='bbox 1368 1651 1603 1721; x_wconf 83' lang='lat' dir='ltr'>deinde</span> <span class='ocrx_word' id='word_1_69' title='bbox 1658 1642 1980 1738; x_wconf 81' lang='lat' dir='ltr'>augetur,</span> <span class='ocrx_word' id='word_1_70' title='bbox 2032 1661 2470 1733; x_wconf 84' lang='lat' dir='ltr'>extenuatur,</span> <span class='ocrx_word' id='word_1_71' title='bbox 2527 1646 2843 1727; x_wconf 86' lang='lat' dir='ltr'>inflatur,</span> <span class='ocrx_word' id='word_1_72' title='bbox 2901 1643 3233 1723; x_wconf 85' lang='lat' dir='ltr'>variatur,</span> <span class='ocrx_word' id='word_1_73' title='bbox 3284 1640 3746 1730; x_wconf 87' lang='lat' dir='ltr'>distinguitur.</span> 
     </span>
    </p>

    <p class='ocr_par' dir='ltr' id='par_1_5' title="bbox 1110 1748 4126 2647">
     <span class='ocr_line' id='line_1_10' title="bbox 1220 1748 4118 1839; baseline 0 -18"><span class='ocrx_word' id='word_1_74' title='bbox 1220 1758 1321 1821; x_wconf 84' lang='lat' dir='ltr'>Ita</span> <span class='ocrx_word' id='word_1_75' title='bbox 1374 1751 1451 1819; x_wconf 85' lang='lat' dir='ltr'>fit</span> <span class='ocrx_word' id='word_1_76' title='bbox 1502 1750 1681 1819; x_wconf 89' lang='lat' dir='ltr'>nobis</span> <span class='ocrx_word' id='word_1_77' title='bbox 1738 1752 1939 1839; x_wconf 83' lang='lat' dir='ltr'>igitur</span> <span class='ocrx_word' id='word_1_78' title='bbox 1992 1760 2259 1815; x_wconf 78' lang='lat' dir='ltr'>ornatus</span> <span class='ocrx_word' id='word_1_79' title='bbox 2333 1750 2402 1819; x_wconf 72' lang='grc' dir='ltr'>ὃ(</span> <span class='ocrx_word' id='word_1_80' title='bbox 2483 1748 2710 1815; x_wconf 74' lang='lat' dir='ltr'>{bavis</span> <span class='ocrx_word' id='word_1_81' title='bbox 2757 1760 2983 1809; x_wconf 87' lang='lat' dir='ltr'>orator</span> <span class='ocrx_word' id='word_1_82' title='bbox 3021 1792 3044 1827; x_wconf 91' lang='lat'>,</span> <span class='ocrx_word' id='word_1_83' title='bbox 3115 1752 3142 1826; x_wconf 93' lang='lat'>(</span> <span class='ocrx_word' id='word_1_84' title='bbox 3189 1760 3309 1809; x_wconf 86' lang='lat' dir='ltr'>nec</span> <span class='ocrx_word' id='word_1_85' title='bbox 3383 1760 3606 1809; x_wconf 87' lang='lat' dir='ltr'>tamen</span> <span class='ocrx_word' id='word_1_86' title='bbox 3659 1748 3862 1836; x_wconf 90' lang='lat' dir='ltr'>potest</span> <span class='ocrx_word' id='word_1_87' title='bbox 3929 1753 4118 1821; x_wconf 78' lang='lat' dir='ltr'>aliter</span> 
     </span>
     <span class='ocr_line' id='line_1_11' title="bbox 1117 1840 4120 1942; baseline -0.001 -18"><span class='ocrx_word' id='word_1_88' title='bbox 1117 1856 1236 1924; x_wconf 81' lang='lat' dir='ltr'>effe</span> <span class='ocrx_word' id='word_1_89' title='bbox 1292 1866 1317 1942; x_wconf 87' lang='lat'><em>)</em></span> <span class='ocrx_word' id='word_1_90' title='bbox 1372 1870 1447 1920; x_wconf 92' lang='lat' dir='ltr'>ut</span> <span class='ocrx_word' id='word_1_91' title='bbox 1501 1850 1891 1919; x_wconf 88' lang='lat' dir='ltr'>suavitatem</span> <span class='ocrx_word' id='word_1_92' title='bbox 1946 1850 2184 1917; x_wconf 85' lang='lat' dir='ltr'>habeat</span> <span class='ocrx_word' id='word_1_93' title='bbox 2239 1850 2555 1916; x_wconf 85' lang='lat' dir='ltr'>austeram</span> <span class='ocrx_word' id='word_1_94' title='bbox 2617 1850 2684 1916; x_wconf 75' lang='grc' dir='ltr'>δε</span> <span class='ocrx_word' id='word_1_95' title='bbox 2752 1844 3036 1911; x_wconf 86' lang='lat' dir='ltr'>solidam</span> <span class='ocrx_word' id='word_1_96' title='bbox 3078 1893 3098 1927; x_wconf 91' lang='lat'>,</span> <span class='ocrx_word' id='word_1_97' title='bbox 3169 1864 3300 1908; x_wconf 90' lang='lat' dir='ltr'>non</span> <span class='ocrx_word' id='word_1_98' title='bbox 3351 1840 3618 1914; x_wconf 87' lang='lat' dir='ltr'>dulcem</span> <span class='ocrx_word' id='word_1_99' title='bbox 3689 1868 3879 1939; x_wconf 83' lang='lat' dir='ltr'>atque</span> <span class='ocrx_word' id='word_1_100' title='bbox 3929 1850 4120 1921; x_wconf 85' lang='lat' dir='ltr'>deco-</span> 
     </span>
     <span class='ocr_line' id='line_1_12' title="bbox 1118 1943 4108 2041; baseline -0 -20"><span class='ocrx_word' id='word_1_101' title='bbox 1118 1958 1331 2024; x_wconf 60' lang='lat' dir='ltr'>Ram.</span> <span class='ocrx_word' id='word_1_102' title='bbox 1391 1958 1569 2021; x_wconf 85' lang='lat' dir='ltr'>Nam</span> <span class='ocrx_word' id='word_1_103' title='bbox 1622 1951 1753 2041; x_wconf 88' lang='lat' dir='ltr'>ipsa</span> <span class='ocrx_word' id='word_1_104' title='bbox 1806 1950 1887 2017; x_wconf 86' lang='lat' dir='ltr'>ad</span> <span class='ocrx_word' id='word_1_105' title='bbox 1937 1950 2322 2019; x_wconf 87' lang='lat' dir='ltr'>ornandum</span> <span class='ocrx_word' id='word_1_106' title='bbox 2375 1965 2685 2039; x_wconf 82' lang='lat' dir='ltr'>praecepta</span> <span class='ocrx_word' id='word_1_107' title='bbox 2743 1968 2882 2037; x_wconf 78' lang='lat' dir='ltr'>quae</span> <span class='ocrx_word' id='word_1_108' title='bbox 2933 1943 3175 2013; x_wconf 86' lang='lat' dir='ltr'>dantur</span> <span class='ocrx_word' id='word_1_109' title='bbox 3221 1993 3244 2028; x_wconf 87' lang='lat'>,</span> <span class='ocrx_word' id='word_1_110' title='bbox 3293 1944 3624 2022; x_wconf 81' lang='lat' dir='ltr'>ejusmodi</span> <span class='ocrx_word' id='word_1_111' title='bbox 3678 1951 3878 2037; x_wconf 90' lang='lat' dir='ltr'>sunt,</span> <span class='ocrx_word' id='word_1_112' title='bbox 3923 1968 3998 2023; x_wconf 90' lang='lat' dir='ltr'>ut</span> <span class='ocrx_word' id='word_1_113' title='bbox 4043 1974 4108 2028; x_wconf 70' lang='lat' dir='ltr'>ea</span> 
     </span>
     <span class='ocr_line' id='line_1_13' title="bbox 1116 2050 4120 2146; baseline 0.001 -24"><span class='ocrx_word' id='word_1_114' title='bbox 1116 2056 1422 2146; x_wconf 87' lang='lat' dir='ltr'>quamvis</span> <span class='ocrx_word' id='word_1_115' title='bbox 1475 2053 1915 2121; x_wconf 81' lang='lat' dir='ltr'>vitiofissimus</span> <span class='ocrx_word' id='word_1_116' title='bbox 1968 2070 2192 2119; x_wconf 87' lang='lat' dir='ltr'>orator</span> <span class='ocrx_word' id='word_1_117' title='bbox 2245 2053 2577 2139; x_wconf 83' lang='lat' dir='ltr'>explicare</span> <span class='ocrx_word' id='word_1_118' title='bbox 2631 2050 2850 2138; x_wconf 85' lang='lat' dir='ltr'>poffit.</span> <span class='ocrx_word' id='word_1_119' title='bbox 2909 2050 3136 2130; x_wconf 82' lang='lat' dir='ltr'>Quare</span> <span class='ocrx_word' id='word_1_120' title='bbox 3175 2096 3196 2129; x_wconf 93' lang='lat'>‚</span> <span class='ocrx_word' id='word_1_121' title='bbox 3249 2062 3322 2112; x_wconf 91' lang='lat' dir='ltr'>ut</span> <span class='ocrx_word' id='word_1_122' title='bbox 3381 2065 3530 2117; x_wconf 87' lang='lat' dir='ltr'>ante</span> <span class='ocrx_word' id='word_1_123' title='bbox 3577 2050 3772 2135; x_wconf 79' lang='lat' dir='ltr'>dixi,</span> <span class='ocrx_word' id='word_1_124' title='bbox 3825 2055 4120 2138; x_wconf 86' lang='lat' dir='ltr'>primum</span> 
     </span>
     <span class='ocr_line' id='line_1_14' title="bbox 1116 2145 4122 2241; baseline -0.002 -16"><span class='ocrx_word' id='word_1_125' title='bbox 1116 2159 1281 2225; x_wconf 71' lang='lat' dir='ltr'>silva</span> <span class='ocrx_word' id='word_1_126' title='bbox 1335 2176 1599 2241; x_wconf 87' lang='lat' dir='ltr'>rerum,</span> <span class='ocrx_word' id='word_1_127' title='bbox 1648 2176 1723 2221; x_wconf 88' lang='lat' dir='ltr'>ac</span> <span class='ocrx_word' id='word_1_128' title='bbox 1783 2153 2254 2223; x_wconf 86' lang='lat' dir='ltr'>sententiarum</span> <span class='ocrx_word' id='word_1_129' title='bbox 2306 2151 2752 2241; x_wconf 83' lang='lat' dir='ltr'>comparanda</span> <span class='ocrx_word' id='word_1_130' title='bbox 2804 2148 2938 2216; x_wconf 84' lang='lat' dir='ltr'>est:</span> <span class='ocrx_word' id='word_1_131' title='bbox 2993 2165 3124 2235; x_wconf 83' lang='lat' dir='ltr'>qua</span> <span class='ocrx_word' id='word_1_132' title='bbox 3175 2145 3254 2212; x_wconf 91' lang='lat' dir='ltr'>de</span> <span class='ocrx_word' id='word_1_133' title='bbox 3309 2164 3488 2234; x_wconf 85' lang='lat' dir='ltr'>parte</span> <span class='ocrx_word' id='word_1_134' title='bbox 3535 2150 3696 2215; x_wconf 81' lang='lat' dir='ltr'>dixit</span> <span class='ocrx_word' id='word_1_135' title='bbox 3733 2154 4122 2222; x_wconf 86' lang='lat' dir='ltr'>Antonius.</span> 
     </span>
     <span class='ocr_line' id='line_1_15' title="bbox 1120 2248 4125 2343; baseline -0.001 -19"><span class='ocrx_word' id='word_1_136' title='bbox 1120 2262 1282 2325; x_wconf 80' lang='lat' dir='ltr'>Haec-</span> <span class='ocrx_word' id='word_1_137' title='bbox 1334 2256 1685 2323; x_wconf 87' lang='lat' dir='ltr'>formanda</span> <span class='ocrx_word' id='word_1_138' title='bbox 1737 2254 1855 2323; x_wconf 86' lang='lat' dir='ltr'>filo</span> <span class='ocrx_word' id='word_1_139' title='bbox 1906 2253 2043 2342; x_wconf 90' lang='lat' dir='ltr'>ipso</span> <span class='ocrx_word' id='word_1_140' title='bbox 2097 2256 2166 2323; x_wconf 88' lang='lat'>&amp;</span> <span class='ocrx_word' id='word_1_141' title='bbox 2225 2275 2463 2343; x_wconf 89' lang='lat' dir='ltr'>genere</span> <span class='ocrx_word' id='word_1_142' title='bbox 2533 2252 2839 2320; x_wconf 85' lang='lat' dir='ltr'>orationis</span> <span class='ocrx_word' id='word_1_143' title='bbox 2872 2304 2892 2336; x_wconf 95' lang='lat'>,</span> <span class='ocrx_word' id='word_1_144' title='bbox 2962 2248 3396 2317; x_wconf 86' lang='lat' dir='ltr'>illuminanda</span> <span class='ocrx_word' id='word_1_145' title='bbox 3457 2248 3661 2317; x_wconf 87' lang='lat' dir='ltr'>verbis</span> <span class='ocrx_word' id='word_1_146' title='bbox 3703 2300 3726 2335; x_wconf 91' lang='lat'>,</span> <span class='ocrx_word' id='word_1_147' title='bbox 3795 2254 4125 2321; x_wconf 71' lang='lat' dir='ltr'>varianda.</span> 
     </span>
     <span class='ocr_line' id='line_1_16' title="bbox 1119 2349 4126 2449; baseline -0.003 -18"><span class='ocrx_word' id='word_1_148' title='bbox 1119 2357 1447 2431; x_wconf 86' lang='lat' dir='ltr'>sententiis</span> <span class='ocrx_word' id='word_1_149' title='bbox 1486 2404 1505 2423; x_wconf 92' lang='lat'><strong>.</strong></span> <span class='ocrx_word' id='word_1_150' title='bbox 1588 2361 1869 2424; x_wconf 80' lang='lat' dir='ltr'>Summa</span> <span class='ocrx_word' id='word_1_151' title='bbox 1938 2374 2162 2425; x_wconf 88' lang='lat' dir='ltr'>autem</span> <span class='ocrx_word' id='word_1_152' title='bbox 2231 2357 2380 2421; x_wconf 85' lang='lat' dir='ltr'>laus</span> <span class='ocrx_word' id='word_1_153' title='bbox 2429 2354 2820 2449; x_wconf 71' lang='lat' dir='ltr'>eloquentiae</span> <span class='ocrx_word' id='word_1_154' title='bbox 2869 2349 2964 2419; x_wconf 88' lang='lat' dir='ltr'>est</span> <span class='ocrx_word' id='word_1_155' title='bbox 3001 2400 3024 2435; x_wconf 89' lang='lat'>,</span> <span class='ocrx_word' id='word_1_156' title='bbox 3091 2350 3494 2437; x_wconf 80' lang='lat' dir='ltr'>amplificare</span> <span class='ocrx_word' id='word_1_157' title='bbox 3543 2372 3686 2417; x_wconf 82' lang='lat' dir='ltr'>reru</span> <span class='ocrx_word' id='word_1_158' title='bbox 3733 2355 4051 2421; x_wconf 79' lang='lat' dir='ltr'>ornando</span> <span class='ocrx_word' id='word_1_159' title='bbox 4103 2380 4126 2422; x_wconf 67' lang='grc' dir='ltr'><strong><em>ε</em></strong></span> 
     </span>
     <span class='ocr_line' id='line_1_17' title="bbox 1118 2448 4120 2550; baseline -0.002 -24"><span class='ocrx_word' id='word_1_160' title='bbox 1118 2460 1295 2550; x_wconf 89' lang='lat' dir='ltr'>quod</span> <span class='ocrx_word' id='word_1_161' title='bbox 1354 2456 1533 2523; x_wconf 84' lang='lat' dir='ltr'>valet</span> <span class='ocrx_word' id='word_1_162' title='bbox 1582 2478 1713 2523; x_wconf 89' lang='lat' dir='ltr'>non</span> <span class='ocrx_word' id='word_1_163' title='bbox 1774 2458 1987 2523; x_wconf 86' lang='lat' dir='ltr'>solum</span> <span class='ocrx_word' id='word_1_164' title='bbox 2044 2455 2123 2524; x_wconf 89' lang='lat' dir='ltr'>ad</span> <span class='ocrx_word' id='word_1_165' title='bbox 2174 2456 2562 2547; x_wconf 86' lang='lat' dir='ltr'>augendum</span> <span class='ocrx_word' id='word_1_166' title='bbox 2620 2451 2864 2545; x_wconf 86' lang='lat' dir='ltr'>aliquid</span> <span class='ocrx_word' id='word_1_167' title='bbox 2920 2452 2989 2520; x_wconf 89' lang='lat'>&amp;</span> <span class='ocrx_word' id='word_1_168' title='bbox 3047 2448 3409 2519; x_wconf 82' lang='lat' dir='ltr'>tollendum</span> <span class='ocrx_word' id='word_1_169' title='bbox 3459 2452 3666 2520; x_wconf 82' lang='lat' dir='ltr'>altius</span> <span class='ocrx_word' id='word_1_170' title='bbox 3705 2504 3729 2539; x_wconf 91' lang='lat'>,</span> <span class='ocrx_word' id='word_1_171' title='bbox 3776 2448 4058 2521; x_wconf 87' lang='lat' dir='ltr'>dicendo</span> <span class='ocrx_word' id='word_1_172' title='bbox 4095 2507 4120 2544; x_wconf 85' lang='lat'>,</span> 
     </span>
     <span class='ocr_line' id='line_1_18' title="bbox 1110 2554 4087 2647; baseline -0.003 -20"><span class='ocrx_word' id='word_1_173' title='bbox 1110 2554 1229 2627; x_wconf 78' lang='lat' dir='ltr'>&#39;sed</span> <span class='ocrx_word' id='word_1_174' title='bbox 1277 2559 1481 2623; x_wconf 85' lang='lat' dir='ltr'>etiam</span> <span class='ocrx_word' id='word_1_175' title='bbox 1532 2557 1613 2623; x_wconf 91' lang='lat' dir='ltr'>ad</span> <span class='ocrx_word' id='word_1_176' title='bbox 1665 2556 2163 2627; x_wconf 84' lang='lat' dir='ltr'>extenuandum</span> <span class='ocrx_word' id='word_1_177' title='bbox 2217 2578 2410 2647; x_wconf 83' lang='lat' dir='ltr'>atque</span> <span class='ocrx_word' id='word_1_178' title='bbox 2463 2556 2934 2637; x_wconf 77' lang='lat' dir='ltr'>abjiciendum.</span> <span class='ocrx_word' id='word_1_179' title='bbox 4075 2620 4087 2629; x_wconf 67' lang='lat'><em>‚</em></span> 
     </span>
    </p>

    <p class='ocr_par' dir='ltr' id='par_1_6' title="bbox 1092 2653 4126 4170">
     <span class='ocr_line' id='line_1_19' title="bbox 1222 2653 4120 2745; baseline -0 -19"><span class='ocrx_word' id='word_1_180' title='bbox 1222 2661 1518 2726; x_wconf 79' lang='lat' dir='ltr'>XXVII.</span> <span class='ocrx_word' id='word_1_181' title='bbox 1572 2656 1651 2724; x_wconf 92' lang='lat' dir='ltr'>Id</span> <span class='ocrx_word' id='word_1_182' title='bbox 1705 2660 2109 2727; x_wconf 84' lang='lat' dir='ltr'>defideratur</span> <span class='ocrx_word' id='word_1_183' title='bbox 2165 2656 2472 2725; x_wconf 87' lang='lat' dir='ltr'>omnibus</span> <span class='ocrx_word' id='word_1_184' title='bbox 2523 2661 2605 2725; x_wconf 79' lang='lat' dir='ltr'>ils</span> <span class='ocrx_word' id='word_1_185' title='bbox 2659 2660 2724 2724; x_wconf 90' lang='lat' dir='ltr'>in</span> <span class='ocrx_word' id='word_1_186' title='bbox 2779 2657 2942 2723; x_wconf 89' lang='lat' dir='ltr'>locis</span> <span class='ocrx_word' id='word_1_187' title='bbox 2980 2706 3000 2739; x_wconf 90' lang='lat'>,</span> <span class='ocrx_word' id='word_1_188' title='bbox 3048 2676 3216 2745; x_wconf 84' lang='lat' dir='ltr'>quos</span> <span class='ocrx_word' id='word_1_189' title='bbox 3266 2654 3350 2719; x_wconf 83' lang='lat' dir='ltr'>ad</span> <span class='ocrx_word' id='word_1_190' title='bbox 3399 2653 3612 2724; x_wconf 87' lang='lat' dir='ltr'>fidem</span> <span class='ocrx_word' id='word_1_191' title='bbox 3661 2656 3972 2725; x_wconf 88' lang='lat' dir='ltr'>orationis</span> <span class='ocrx_word' id='word_1_192' title='bbox 4021 2660 4120 2725; x_wconf 76' lang='lat' dir='ltr'>fa-</span> 
     </span>
     <span class='ocr_line' id='line_1_20' title="bbox 1118 2756 4116 2847; baseline 0.001 -21"><span class='ocrx_word' id='word_1_193' title='bbox 1118 2761 1425 2832; x_wconf 88' lang='lat' dir='ltr'>ciendam</span> <span class='ocrx_word' id='word_1_194' title='bbox 1483 2757 1777 2825; x_wconf 84' lang='lat' dir='ltr'>adhiberi</span> <span class='ocrx_word' id='word_1_195' title='bbox 1829 2761 1994 2825; x_wconf 83' lang='lat' dir='ltr'>dixit</span> <span class='ocrx_word' id='word_1_196' title='bbox 2069 2761 2412 2827; x_wconf 85' lang='lat' dir='ltr'>Antonius</span> <span class='ocrx_word' id='word_1_197' title='bbox 2453 2812 2474 2845; x_wconf 92' lang='lat'>,</span> <span class='ocrx_word' id='word_1_198' title='bbox 2541 2760 2650 2825; x_wconf 87' lang='lat' dir='ltr'>vel</span> <span class='ocrx_word' id='word_1_199' title='bbox 2702 2778 2862 2825; x_wconf 89' lang='lat' dir='ltr'>cum</span> <span class='ocrx_word' id='word_1_200' title='bbox 2928 2756 3366 2845; x_wconf 82' lang='lat' dir='ltr'>explanamus</span> <span class='ocrx_word' id='word_1_201' title='bbox 3437 2757 3684 2847; x_wconf 89' lang='lat' dir='ltr'>aliquid</span> <span class='ocrx_word' id='word_1_202' title='bbox 3734 2811 3755 2846; x_wconf 92' lang='lat'>,</span> <span class='ocrx_word' id='word_1_203' title='bbox 3807 2759 3913 2825; x_wconf 89' lang='lat' dir='ltr'>vel</span> <span class='ocrx_word' id='word_1_204' title='bbox 3961 2780 4116 2828; x_wconf 87' lang='lat' dir='ltr'>cum</span> 
     </span>
     <span class='ocr_line' id='line_1_21' title="bbox 1120 2856 4116 2947; baseline -0.001 -17"><span class='ocrx_word' id='word_1_205' title='bbox 1120 2862 1556 2930; x_wconf 87' lang='lat' dir='ltr'>conciliamus</span> <span class='ocrx_word' id='word_1_206' title='bbox 1612 2860 1909 2944; x_wconf 68' lang='lat' dir='ltr'>animm,</span> <span class='ocrx_word' id='word_1_207' title='bbox 1968 2858 2071 2926; x_wconf 88' lang='lat' dir='ltr'>vel</span> <span class='ocrx_word' id='word_1_208' title='bbox 2130 2882 2288 2927; x_wconf 89' lang='lat' dir='ltr'>cum</span> <span class='ocrx_word' id='word_1_209' title='bbox 2343 2862 2791 2929; x_wconf 85' lang='lat' dir='ltr'>concitamus.</span> <span class='ocrx_word' id='word_1_210' title='bbox 2845 2856 2967 2927; x_wconf 89' lang='lat' dir='ltr'>Sed</span> <span class='ocrx_word' id='word_1_211' title='bbox 3019 2859 3086 2925; x_wconf 89' lang='lat' dir='ltr'>in</span> <span class='ocrx_word' id='word_1_212' title='bbox 3137 2858 3309 2942; x_wconf 82' lang='lat' dir='ltr'>hoc,</span> <span class='ocrx_word' id='word_1_213' title='bbox 3354 2858 3529 2945; x_wconf 87' lang='lat' dir='ltr'>quod</span> <span class='ocrx_word' id='word_1_214' title='bbox 3569 2858 3975 2947; x_wconf 82' lang='lat' dir='ltr'>postremum</span> <span class='ocrx_word' id='word_1_215' title='bbox 4023 2860 4116 2927; x_wconf 88' lang='lat' dir='ltr'>di-</span> 
     </span>
     <span class='ocr_line' id='line_1_22' title="bbox 1122 2958 4118 3051; baseline -0.001 -22"><span class='ocrx_word' id='word_1_216' title='bbox 1122 2964 1235 3045; x_wconf 80' lang='lat' dir='ltr'>xi,</span> <span class='ocrx_word' id='word_1_217' title='bbox 1285 2960 1719 3049; x_wconf 85' lang='lat' dir='ltr'>amplificatio</span> <span class='ocrx_word' id='word_1_218' title='bbox 1772 2960 1979 3047; x_wconf 83' lang='lat' dir='ltr'>potest</span> <span class='ocrx_word' id='word_1_219' title='bbox 2048 2962 2475 3049; x_wconf 86' lang='lat' dir='ltr'>plurimum:</span> <span class='ocrx_word' id='word_1_220' title='bbox 2549 2982 2756 3051; x_wconf 87' lang='lat' dir='ltr'>eaque</span> <span class='ocrx_word' id='word_1_221' title='bbox 2825 2980 2958 3026; x_wconf 85' lang='lat' dir='ltr'>una</span> <span class='ocrx_word' id='word_1_222' title='bbox 3011 2958 3153 3028; x_wconf 86' lang='lat' dir='ltr'>laus</span> <span class='ocrx_word' id='word_1_223' title='bbox 3205 2962 3476 3027; x_wconf 74' lang='lat' dir='ltr'>oratoris</span> <span class='ocrx_word' id='word_1_224' title='bbox 3527 2958 3620 3026; x_wconf 91' lang='lat' dir='ltr'>est</span> <span class='ocrx_word' id='word_1_225' title='bbox 3659 3014 3679 3047; x_wconf 90' lang='lat'>,</span> <span class='ocrx_word' id='word_1_226' title='bbox 3731 2964 3802 3033; x_wconf 88' lang='lat'>&amp;</span> <span class='ocrx_word' id='word_1_227' title='bbox 3863 2962 4118 3050; x_wconf 87' lang='lat' dir='ltr'>propria</span> 
     </span>
     <span class='ocr_line' id='line_1_23' title="bbox 1122 3059 4116 3152; baseline -0.001 -21"><span class='ocrx_word' id='word_1_228' title='bbox 1122 3064 1459 3135; x_wconf 80' lang='lat' dir='ltr'>maxime.</span> <span class='ocrx_word' id='word_1_229' title='bbox 1516 3064 1735 3129; x_wconf 83' lang='lat' dir='ltr'>Etiam</span> <span class='ocrx_word' id='word_1_230' title='bbox 1790 3062 1998 3139; x_wconf 81' lang='lat' dir='ltr'>major</span> <span class='ocrx_word' id='word_1_231' title='bbox 2056 3061 2151 3127; x_wconf 86' lang='lat' dir='ltr'>est</span> <span class='ocrx_word' id='word_1_232' title='bbox 2199 3062 2316 3129; x_wconf 85' lang='lat' dir='ltr'>illa</span> <span class='ocrx_word' id='word_1_233' title='bbox 2367 3064 2794 3149; x_wconf 86' lang='lat' dir='ltr'>exercitatio,</span> <span class='ocrx_word' id='word_1_234' title='bbox 2847 3081 3049 3152; x_wconf 88' lang='lat' dir='ltr'>quam</span> <span class='ocrx_word' id='word_1_235' title='bbox 3096 3080 3400 3129; x_wconf 81' lang='lat' dir='ltr'>extremo</span> <span class='ocrx_word' id='word_1_236' title='bbox 3455 3059 3756 3131; x_wconf 86' lang='lat' dir='ltr'>sermone</span> <span class='ocrx_word' id='word_1_237' title='bbox 3805 3060 4116 3131; x_wconf 82' lang='lat' dir='ltr'>instruxit</span> 
     </span>
     <span class='ocr_line' id='line_1_24' title="bbox 1120 3162 4116 3253; baseline -0.001 -21"><span class='ocrx_word' id='word_1_238' title='bbox 1120 3167 1497 3249; x_wconf 84' lang='lat' dir='ltr'>Antonius,</span> <span class='ocrx_word' id='word_1_239' title='bbox 1548 3178 1575 3252; x_wconf 93' lang='lat'>(</span> <span class='ocrx_word' id='word_1_240' title='bbox 1636 3166 1851 3253; x_wconf 90' lang='lat' dir='ltr'>primo</span> <span class='ocrx_word' id='word_1_241' title='bbox 1901 3162 2227 3242; x_wconf 83' lang='lat' dir='ltr'>rejiciebat</span> <span class='ocrx_word' id='word_1_242' title='bbox 2285 3177 2312 3248; x_wconf 91' lang='lat'>)</span> <span class='ocrx_word' id='word_1_243' title='bbox 2368 3165 2679 3231; x_wconf 85' lang='lat' dir='ltr'>laudandi</span> <span class='ocrx_word' id='word_1_244' title='bbox 2735 3166 2804 3234; x_wconf 89' lang='lat'>&amp;</span> <span class='ocrx_word' id='word_1_245' title='bbox 2863 3165 3324 3253; x_wconf 79' lang='lat' dir='ltr'>vituperandi.</span> <span class='ocrx_word' id='word_1_246' title='bbox 3396 3166 3586 3231; x_wconf 85' lang='lat' dir='ltr'>Nihil</span> <span class='ocrx_word' id='word_1_247' title='bbox 3639 3165 3728 3232; x_wconf 87' lang='lat' dir='ltr'>est</span> <span class='ocrx_word' id='word_1_248' title='bbox 3795 3167 3980 3234; x_wconf 75' lang='lat' dir='ltr'>enlm</span> <span class='ocrx_word' id='word_1_249' title='bbox 4035 3163 4116 3231; x_wconf 87' lang='lat' dir='ltr'>ad</span> 
     </span>
     <span class='ocr_line' id='line_1_25' title="bbox 1092 3264 4116 3360; baseline -0 -26"><span class='ocrx_word' id='word_1_250' title='bbox 1092 3265 1655 3360; x_wconf 30' lang='lat' dir='ltr'>‘exaggerandam</span> <span class='ocrx_word' id='word_1_251' title='bbox 1716 3265 1786 3334; x_wconf 89' lang='lat'>&amp;</span> <span class='ocrx_word' id='word_1_252' title='bbox 1843 3264 2383 3354; x_wconf 84' lang='lat' dir='ltr'>amplificandam</span> <span class='ocrx_word' id='word_1_253' title='bbox 2434 3267 2796 3333; x_wconf 84' lang='lat' dir='ltr'>orationem</span> <span class='ocrx_word' id='word_1_254' title='bbox 2847 3268 3453 3355; x_wconf 79' lang='lat' dir='ltr'>accommodatiuS,</span> <span class='ocrx_word' id='word_1_255' title='bbox 3503 3289 3706 3356; x_wconf 85' lang='lat' dir='ltr'>quam</span> <span class='ocrx_word' id='word_1_256' title='bbox 3757 3285 4116 3358; x_wconf 84' lang='lat' dir='ltr'>utrumque</span> 
     </span>
     <span class='ocr_line' id='line_1_26' title="bbox 1116 3365 4119 3458; baseline -0.001 -21"><span class='ocrx_word' id='word_1_257' title='bbox 1116 3365 1362 3437; x_wconf 80' lang='lat' dir='ltr'>borum</span> <span class='ocrx_word' id='word_1_258' title='bbox 1413 3366 1923 3436; x_wconf 83' lang='lat' dir='ltr'>cumulatiflime</span> <span class='ocrx_word' id='word_1_259' title='bbox 1976 3366 2192 3436; x_wconf 87' lang='lat' dir='ltr'>facere</span> <span class='ocrx_word' id='word_1_260' title='bbox 2241 3367 2408 3456; x_wconf 81' lang='lat' dir='ltr'>poffe</span> <span class='ocrx_word' id='word_1_261' title='bbox 2447 3418 2462 3434; x_wconf 94' lang='lat'><strong><em>.</em></strong></span> <span class='ocrx_word' id='word_1_262' title='bbox 2535 3367 3036 3457; x_wconf 83' lang='lat' dir='ltr'>Consequentur</span> <span class='ocrx_word' id='word_1_263' title='bbox 3085 3371 3290 3436; x_wconf 83' lang='lat' dir='ltr'>etiam</span> <span class='ocrx_word' id='word_1_264' title='bbox 3342 3369 3440 3436; x_wconf 88' lang='lat' dir='ltr'>illi</span> <span class='ocrx_word' id='word_1_265' title='bbox 3489 3368 3614 3434; x_wconf 89' lang='lat' dir='ltr'>loci</span> <span class='ocrx_word' id='word_1_266' title='bbox 3667 3381 3928 3454; x_wconf 83' lang='lat'>(51),</span> <span class='ocrx_word' id='word_1_267' title='bbox 3999 3366 4119 3458; x_wconf 85' lang='lat' dir='ltr'>qui</span> 
     </span>
     <span class='ocr_line' id='line_1_27' title="bbox 1120 3465 4126 3559; baseline -0.001 -23"><span class='ocrx_word' id='word_1_268' title='bbox 1120 3489 1513 3558; x_wconf 84' lang='lat' dir='ltr'>quanquam</span> <span class='ocrx_word' id='word_1_269' title='bbox 1564 3470 1804 3559; x_wconf 83' lang='lat' dir='ltr'>proprii</span> <span class='ocrx_word' id='word_1_270' title='bbox 1860 3469 2217 3536; x_wconf 84' lang='lat' dir='ltr'>causarum</span> <span class='ocrx_word' id='word_1_271' title='bbox 2259 3523 2279 3557; x_wconf 90' lang='lat'>,</span> <span class='ocrx_word' id='word_1_272' title='bbox 2353 3472 2422 3538; x_wconf 71' lang='grc' dir='ltr'>ὃ(</span> <span class='ocrx_word' id='word_1_273' title='bbox 2483 3469 2873 3538; x_wconf 76' lang='lat' dir='ltr'>inhaerentes</span> <span class='ocrx_word' id='word_1_274' title='bbox 2929 3472 2998 3538; x_wconf 89' lang='lat' dir='ltr'>in</span> <span class='ocrx_word' id='word_1_275' title='bbox 3049 3492 3290 3540; x_wconf 82' lang='lat' dir='ltr'>earum</span> <span class='ocrx_word' id='word_1_276' title='bbox 3341 3471 3556 3538; x_wconf 83' lang='lat' dir='ltr'>nervis</span> <span class='ocrx_word' id='word_1_277' title='bbox 3618 3467 3738 3534; x_wconf 81' lang='lat' dir='ltr'>effe</span> <span class='ocrx_word' id='word_1_278' title='bbox 3789 3465 4040 3535; x_wconf 86' lang='lat' dir='ltr'>debent</span> <span class='ocrx_word' id='word_1_279' title='bbox 4099 3519 4126 3556; x_wconf 85' lang='lat'>,</span> 
     </span>
     <span class='ocr_line' id='line_1_28' title="bbox 1122 3569 4124 3658; baseline 0.002 -26"><span class='ocrx_word' id='word_1_280' title='bbox 1122 3583 1391 3651; x_wconf 88' lang='lat' dir='ltr'>tamen,</span> <span class='ocrx_word' id='word_1_281' title='bbox 1440 3570 1592 3657; x_wconf 83' lang='lat' dir='ltr'>quia</span> <span class='ocrx_word' id='word_1_282' title='bbox 1646 3573 1730 3636; x_wconf 86' lang='lat' dir='ltr'>de</span> <span class='ocrx_word' id='word_1_283' title='bbox 1783 3570 2091 3637; x_wconf 86' lang='lat' dir='ltr'>universa</span> <span class='ocrx_word' id='word_1_284' title='bbox 2144 3593 2216 3637; x_wconf 90' lang='lat' dir='ltr'>re</span> <span class='ocrx_word' id='word_1_285' title='bbox 2265 3571 2530 3638; x_wconf 53' lang='lat' dir='ltr'>tractari</span> <span class='ocrx_word' id='word_1_286' title='bbox 2592 3569 2842 3658; x_wconf 88' lang='lat' dir='ltr'>solent,</span> <span class='ocrx_word' id='word_1_287' title='bbox 2889 3591 3256 3641; x_wconf 82' lang='lat' dir='ltr'>communes</span> <span class='ocrx_word' id='word_1_288' title='bbox 3309 3594 3348 3640; x_wconf 83' lang='lat' dir='ltr'>a</span> <span class='ocrx_word' id='word_1_289' title='bbox 3401 3569 3718 3642; x_wconf 87' lang='lat' dir='ltr'>veteribus</span> <span class='ocrx_word' id='word_1_290' title='bbox 3767 3571 4124 3638; x_wconf 74' lang='lat' dir='ltr'>nominati</span> 
     </span>
     <span class='ocr_line' id='line_1_29' title="bbox 1124 3664 4120 3764; baseline 0.003 -33"><span class='ocrx_word' id='word_1_291' title='bbox 1124 3664 1319 3733; x_wconf 85' lang='lat' dir='ltr'>sunt.-</span> <span class='ocrx_word' id='word_1_292' title='bbox 1378 3689 1675 3755; x_wconf 88' lang='lat' dir='ltr'>quorum</span> <span class='ocrx_word' id='word_1_293' title='bbox 1728 3669 1968 3756; x_wconf 87' lang='lat' dir='ltr'>partim</span> <span class='ocrx_word' id='word_1_294' title='bbox 2016 3665 2263 3736; x_wconf 86' lang='lat' dir='ltr'>habent</span> <span class='ocrx_word' id='word_1_295' title='bbox 2317 3671 2632 3738; x_wconf 88' lang='lat' dir='ltr'>vitiorum</span> <span class='ocrx_word' id='word_1_296' title='bbox 2687 3675 2760 3743; x_wconf 76' lang='grc' dir='ltr'>δε</span> <span class='ocrx_word' id='word_1_297' title='bbox 2815 3690 3232 3762; x_wconf 86' lang='lat' dir='ltr'>peccatorum</span> <span class='ocrx_word' id='word_1_298' title='bbox 3290 3695 3512 3742; x_wconf 87' lang='lat' dir='ltr'>acrem</span> <span class='ocrx_word' id='word_1_299' title='bbox 3559 3669 3896 3764; x_wconf 85' lang='lat' dir='ltr'>quandam</span> <span class='ocrx_word' id='word_1_300' title='bbox 3951 3693 4120 3740; x_wconf 82' lang='lat' dir='ltr'>cum</span> 
     </span>
     <span class='ocr_line' id='line_1_30' title="bbox 1092 3765 4124 3867; baseline 0.002 -34"><span class='ocrx_word' id='word_1_301' title='bbox 1092 3767 1647 3856; x_wconf 86' lang='lat' dir='ltr'>‘amplificatione</span> <span class='ocrx_word' id='word_1_302' title='bbox 1698 3765 2179 3834; x_wconf 85' lang='lat' dir='ltr'>incusationem</span> <span class='ocrx_word' id='word_1_303' title='bbox 2223 3823 2243 3854; x_wconf 91' lang='lat'>,</span> <span class='ocrx_word' id='word_1_304' title='bbox 2295 3787 2408 3836; x_wconf 90' lang='lat' dir='ltr'>aut</span> <span class='ocrx_word' id='word_1_305' title='bbox 2460 3773 2806 3861; x_wconf 81' lang='lat' dir='ltr'>querelam</span> <span class='ocrx_word' id='word_1_306' title='bbox 2843 3829 2866 3860; x_wconf 93' lang='lat'>,</span> <span class='ocrx_word' id='word_1_307' title='bbox 2931 3795 3160 3844; x_wconf 78' lang='lat' dir='ltr'>contra</span> <span class='ocrx_word' id='word_1_308' title='bbox 3213 3797 3414 3867; x_wconf 88' lang='lat' dir='ltr'>quam</span> <span class='ocrx_word' id='word_1_309' title='bbox 3469 3777 3603 3842; x_wconf 86' lang='lat' dir='ltr'>dici</span> <span class='ocrx_word' id='word_1_310' title='bbox 3655 3771 3816 3842; x_wconf 85' lang='lat' dir='ltr'>nihil</span> <span class='ocrx_word' id='word_1_311' title='bbox 3873 3771 4036 3840; x_wconf 85' lang='lat' dir='ltr'>solet</span> <span class='ocrx_word' id='word_1_312' title='bbox 4097 3825 4124 3860; x_wconf 93' lang='lat'>,</span> 
     </span>
     <span class='ocr_line' id='line_1_31' title="bbox 1122 3865 4118 3968; baseline 0.002 -33"><span class='ocrx_word' id='word_1_313' title='bbox 1122 3888 1245 3936; x_wconf 86' lang='lat' dir='ltr'>nec</span> <span class='ocrx_word' id='word_1_314' title='bbox 1298 3865 1497 3955; x_wconf 86' lang='lat' dir='ltr'>potest</span> <span class='ocrx_word' id='word_1_315' title='bbox 1534 3895 1559 3954; x_wconf 86' lang='lat'>,-</span> <span class='ocrx_word' id='word_1_316' title='bbox 1612 3883 1686 3935; x_wconf 91' lang='lat' dir='ltr'>ut</span> <span class='ocrx_word' id='word_1_317' title='bbox 1736 3868 1805 3934; x_wconf 90' lang='lat' dir='ltr'>in</span> <span class='ocrx_word' id='word_1_318' title='bbox 1860 3869 2442 3957; x_wconf 84' lang='lat' dir='ltr'>depeculatorem,</span> <span class='ocrx_word' id='word_1_319' title='bbox 2493 3874 2559 3938; x_wconf 92' lang='lat' dir='ltr'>in</span> <span class='ocrx_word' id='word_1_320' title='bbox 2612 3875 3049 3964; x_wconf 85' lang='lat' dir='ltr'>proditorem,</span> <span class='ocrx_word' id='word_1_321' title='bbox 3095 3879 3164 3945; x_wconf 88' lang='lat' dir='ltr'>in</span> <span class='ocrx_word' id='word_1_322' title='bbox 3217 3876 3662 3968; x_wconf 77' lang='lat' dir='ltr'>parricidam:</span> <span class='ocrx_word' id='word_1_323' title='bbox 3717 3873 3955 3966; x_wconf 82' lang='lat' dir='ltr'>quibus</span> <span class='ocrx_word' id='word_1_324' title='bbox 3974 3877 4118 3958; x_wconf 88' lang='lat' dir='ltr'>uti,</span> 
     </span>
     <span class='ocr_line' id='line_1_32' title="bbox 1120 3962 4114 4069; baseline 0.001 -33"><span class='ocrx_word' id='word_1_325' title='bbox 1120 3967 1535 4036; x_wconf 85' lang='lat' dir='ltr'>confirmatis</span> <span class='ocrx_word' id='word_1_326' title='bbox 1584 3969 2012 4054; x_wconf 89' lang='lat' dir='ltr'>criminibus,</span> <span class='ocrx_word' id='word_1_327' title='bbox 2060 3988 2350 4062; x_wconf 74' lang='lat' dir='ltr'>oportett</span> <span class='ocrx_word' id='word_1_328' title='bbox 2408 3974 2599 4040; x_wconf 85' lang='lat' dir='ltr'>aliter</span> <span class='ocrx_word' id='word_1_329' title='bbox 2653 3978 2830 4042; x_wconf 89' lang='lat' dir='ltr'>enim</span> <span class='ocrx_word' id='word_1_330' title='bbox 2888 3979 3088 4058; x_wconf 81' lang='lat' dir='ltr'>jejuni</span> <span class='ocrx_word' id='word_1_331' title='bbox 3145 3977 3290 4048; x_wconf 89' lang='lat' dir='ltr'>sunt</span> <span class='ocrx_word' id='word_1_332' title='bbox 3345 3997 3541 4069; x_wconf 86' lang='lat' dir='ltr'>atque</span> <span class='ocrx_word' id='word_1_333' title='bbox 3613 3979 3844 4048; x_wconf 84' lang='lat' dir='ltr'>inanes</span> <span class='ocrx_word' id='word_1_334' title='bbox 3879 4025 3894 4041; x_wconf 91' lang='lat'><strong>.</strong></span> <span class='ocrx_word' id='word_1_335' title='bbox 3955 3962 4114 4042; x_wconf 65' lang='lat' dir='ltr'>&#39;Alii</span> 
     </span>
     <span class='ocr_line' id='line_1_33' title="bbox 1122 4069 4106 4170; baseline 0.002 -34"><span class='ocrx_word' id='word_1_336' title='bbox 1122 4087 1345 4138; x_wconf 86' lang='lat' dir='ltr'>autern</span> <span class='ocrx_word' id='word_1_337' title='bbox 1398 4069 1641 4140; x_wconf 87' lang='lat' dir='ltr'>habent</span> <span class='ocrx_word' id='word_1_338' title='bbox 1694 4073 2258 4160; x_wconf 83' lang='lat' dir='ltr'>deprecationem,</span> <span class='ocrx_word' id='word_1_339' title='bbox 2314 4092 2426 4144; x_wconf 82' lang='lat' dir='ltr'>aut</span> <span class='ocrx_word' id='word_1_340' title='bbox 2479 4076 3004 4150; x_wconf 86' lang='lat' dir='ltr'>miserationem.</span> <span class='ocrx_word' id='word_1_341' title='bbox 3053 4083 3196 4152; x_wconf 83' lang='lat' dir='ltr'>Alii</span> <span class='ocrx_word' id='word_1_342' title='bbox 3253 4102 3411 4150; x_wconf 81' lang='lat' dir='ltr'>vero</span> <span class='ocrx_word' id='word_1_343' title='bbox 3459 4078 3774 4170; x_wconf 85' lang='lat' dir='ltr'>ancipites</span> <span class='ocrx_word' id='word_1_344' title='bbox 3817 4075 4106 4162; x_wconf 77' lang='lat' dir='ltr'>disputa-</span> 
     </span>
    </p>

    <p class='ocr_par' dir='ltr' id='par_1_7' title="bbox 3615 4195 4000 4244">
     <span class='ocr_line' id='line_1_34' title="bbox 3615 4195 4000 4244; baseline -0.005 0"><span class='ocrx_word' id='word_1_345' title='bbox 3615 4199 3622 4205; x_wconf 93' lang='lat'><strong>·</strong></span> <span class='ocrx_word' id='word_1_346' title='bbox 3875 4195 4000 4244; x_wconf 81' lang='lat' dir='ltr'>uo-</span> 
     </span>
    </p>
   </div>
   <div class='ocr_carea' id='block_1_4' title="bbox 1112 4357 4092 4440">
    <p class='ocr_par' dir='ltr' id='par_1_8' title="bbox 1112 4357 4092 4440">
     <span class='ocr_line' id='line_1_35' title="bbox 1112 4357 4092 4440; baseline 0.004 -22"><span class='ocrx_word' id='word_1_347' title='bbox 1112 4357 4092 4440; x_wconf 45' lang='grc' dir='ltr'>ω</span> 
     </span>
    </p>
   </div>
   <div class='ocr_carea' id='block_1_5' title="bbox 1089 4505 4120 5016">
    <p class='ocr_par' dir='ltr' id='par_1_9' title="bbox 1089 4505 4120 5016">
     <span class='ocr_line' id='line_1_36' title="bbox 1131 4505 4118 4597; baseline -0 -22"><span class='ocrx_word' id='word_1_348' title='bbox 1131 4515 1137 4525; x_wconf 94' lang='grc'><strong>’</strong></span> <span class='ocrx_word' id='word_1_349' title='bbox 1189 4505 1352 4588; x_wconf 59' lang='lat'>(5¹)</span> <span class='ocrx_word' id='word_1_350' title='bbox 1391 4507 1800 4590; x_wconf 56' lang='lat' dir='ltr'>C⁰nsequaeratur</span> <span class='ocrx_word' id='word_1_351' title='bbox 1834 4533 2008 4572; x_wconf 77' lang='lat' dir='ltr'>mam</span> <span class='ocrx_word' id='word_1_352' title='bbox 2045 4519 2139 4574; x_wconf 75' lang='lat' dir='ltr'>illi</span> <span class='ocrx_word' id='word_1_353' title='bbox 2174 4522 2277 4580; x_wconf 78' lang='lat' dir='ltr'>loce·</span> <span class='ocrx_word' id='word_1_354' title='bbox 2309 4525 2336 4586; x_wconf 86' lang='lat'>)</span> <span class='ocrx_word' id='word_1_355' title='bbox 2373 4519 2556 4581; x_wconf 87' lang='lat' dir='ltr'>Usum</span> <span class='ocrx_word' id='word_1_356' title='bbox 2655 4521 2872 4595; x_wconf 76' lang='lat' dir='ltr'>peffi‘ma</span> <span class='ocrx_word' id='word_1_357' title='bbox 2913 4523 3053 4583; x_wconf 80' lang='lat' dir='ltr'>fim.</span> <span class='ocrx_word' id='word_1_358' title='bbox 3092 4525 3211 4584; x_wconf 87' lang='lat' dir='ltr'>Alii</span> <span class='ocrx_word' id='word_1_359' title='bbox 3249 4565 3268 4592; x_wconf 87' lang='lat'>,</span> <span class='ocrx_word' id='word_1_360' title='bbox 3323 4523 3726 4597; x_wconf 76' lang='lat' dir='ltr'>deprecationis</span> <span class='ocrx_word' id='word_1_361' title='bbox 3761 4539 3852 4578; x_wconf 78' lang='lat' dir='ltr'>aut</span> <span class='ocrx_word' id='word_1_362' title='bbox 3889 4514 4118 4577; x_wconf 72' lang='lat' dir='ltr'>misera·-</span> 
     </span>
     <span class='ocr_line' id='line_1_37' title="bbox 1118 4571 4116 4663; baseline 0.005 -35"><span class='ocrx_word' id='word_1_363' title='bbox 1118 4571 1361 4631; x_wconf 79' lang='lat' dir='ltr'>locorum</span> <span class='ocrx_word' id='word_1_364' title='bbox 1418 4597 1783 4657; x_wconf 67' lang='lat' dir='ltr'>commutatum</span> <span class='ocrx_word' id='word_1_365' title='bbox 1824 4591 2165 4663; x_wconf 70' lang='lat' dir='ltr'>commendat</span> <span class='ocrx_word' id='word_1_366' title='bbox 2205 4630 2220 4647; x_wconf 89' lang='lat'><strong>.</strong></span> <span class='ocrx_word' id='word_1_367' title='bbox 2275 4599 2440 4649; x_wconf 79' lang='lat' dir='ltr'>Erant</span> <span class='ocrx_word' id='word_1_368' title='bbox 2493 4593 2554 4649; x_wconf 76' lang='lat' dir='ltr'>hi</span> <span class='ocrx_word' id='word_1_369' title='bbox 2659 4596 2831 4652; x_wconf 79' lang='lat' dir='ltr'>tionis</span> <span class='ocrx_word' id='word_1_370' title='bbox 2885 4597 3184 4655; x_wconf 70' lang='lat' dir='ltr'>excitandae</span> <span class='ocrx_word' id='word_1_371' title='bbox 3245 4595 3514 4656; x_wconf 76' lang='lat' dir='ltr'>rationem</span> <span class='ocrx_word' id='word_1_372' title='bbox 3567 4594 3870 4651; x_wconf 79' lang='lat' dir='ltr'>continent</span> <span class='ocrx_word' id='word_1_373' title='bbox 3905 4632 3920 4647; x_wconf 93' lang='lat'><strong>.</strong></span> <span class='ocrx_word' id='word_1_374' title='bbox 3969 4593 4116 4646; x_wconf 87' lang='lat' dir='ltr'>Ter-</span> 
     </span>
     <span class='ocr_line' id='line_1_38' title="bbox 1116 4647 4118 4740; baseline 0.004 -38"><span class='ocrx_word' id='word_1_375' title='bbox 1116 4661 1426 4724; x_wconf 76' lang='lat' dir='ltr'>communes</span> <span class='ocrx_word' id='word_1_376' title='bbox 1464 4649 1566 4705; x_wconf 74' lang='lat' dir='ltr'>loct</span> <span class='ocrx_word' id='word_1_377' title='bbox 1608 4647 1895 4713; x_wconf 76' lang='lat' dir='ltr'>sententrae</span> <span class='ocrx_word' id='word_1_378' title='bbox 1925 4659 2164 4730; x_wconf 79' lang='lat' dir='ltr'>quaedam</span> <span class='ocrx_word' id='word_1_379' title='bbox 2190 4703 2206 4728; x_wconf 89' lang='lat'>,</span> <span class='ocrx_word' id='word_1_380' title='bbox 2240 4659 2350 4718; x_wconf 80' lang='lat' dir='ltr'>sive</span> <span class='ocrx_word' id='word_1_381' title='bbox 2369 4681 2555 4733; x_wconf 81' lang='lat' dir='ltr'>prom·</span> <span class='ocrx_word' id='word_1_382' title='bbox 2664 4667 2800 4722; x_wconf 83' lang='lat' dir='ltr'>tium</span> <span class='ocrx_word' id='word_1_383' title='bbox 2849 4685 3016 4737; x_wconf 84' lang='lat' dir='ltr'>genus</span> <span class='ocrx_word' id='word_1_384' title='bbox 3069 4668 3230 4728; x_wconf 80' lang='lat' dir='ltr'>habet</span> <span class='ocrx_word' id='word_1_385' title='bbox 3271 4688 3448 4727; x_wconf 81' lang='lat' dir='ltr'>earum</span> <span class='ocrx_word' id='word_1_386' title='bbox 3501 4665 3866 4740; x_wconf 62' lang='lat' dir='ltr'>questionum</span> <span class='ocrx_word' id='word_1_387' title='bbox 3921 4661 4118 4718; x_wconf 68' lang='lat' dir='ltr'>trach-</span> 
     </span>
     <span class='ocr_line' id='line_1_39' title="bbox 1114 4728 4118 4813; baseline 0.005 -41"><span class='ocrx_word' id='word_1_388' title='bbox 1114 4733 1322 4796; x_wconf 26' lang='lat' dir='ltr'>pttuarra</span> <span class='ocrx_word' id='word_1_389' title='bbox 1358 4736 1803 4804; x_wconf 40' lang='lat' dir='ltr'>argumentorum·</span> <span class='ocrx_word' id='word_1_390' title='bbox 1850 4729 1935 4807; x_wconf 73' lang='lat' dir='ltr'>vel</span> <span class='ocrx_word' id='word_1_391' title='bbox 1990 4728 2418 4802; x_wconf 69' lang='lat' dir='ltr'>disputationum</span> <span class='ocrx_word' id='word_1_392' title='bbox 2460 4755 2553 4792; x_wconf 84' lang='lat' dir='ltr'>va·</span> <span class='ocrx_word' id='word_1_393' title='bbox 2665 4729 2908 4804; x_wconf 62' lang='lat' dir='ltr'>riorum,</span> <span class='ocrx_word' id='word_1_394' title='bbox 2946 4760 3062 4813; x_wconf 73' lang='lat' dir='ltr'>quae</span> <span class='ocrx_word' id='word_1_395' title='bbox 3099 4759 3375 4813; x_wconf 66' lang='lat' dir='ltr'>utramque</span> <span class='ocrx_word' id='word_1_396' title='bbox 3415 4741 3470 4797; x_wconf 74' lang='lat' dir='ltr'>jn</span> <span class='ocrx_word' id='word_1_397' title='bbox 3515 4755 3722 4808; x_wconf 68' lang='lat' dir='ltr'>partem</span> <span class='ocrx_word' id='word_1_398' title='bbox 3775 4729 4118 4805; x_wconf 76' lang='lat' dir='ltr'>d1sputando</span> 
     </span>
     <span class='ocr_line' id='line_1_40' title="bbox 1117 4785 4120 4880; baseline 0.012 -38"><span class='ocrx_word' id='word_1_399' title='bbox 1117 4806 1213 4843; x_wconf 78' lang='lat' dir='ltr'>rus</span> <span class='ocrx_word' id='word_1_400' title='bbox 1250 4785 1455 4872; x_wconf 73' lang='lat' dir='ltr'>scilicet</span> <span class='ocrx_word' id='word_1_401' title='bbox 1493 4789 1561 4846; x_wconf 92' lang='lat' dir='ltr'>de</span> <span class='ocrx_word' id='word_1_402' title='bbox 1600 4793 1753 4875; x_wconf 70' lang='lat' dir='ltr'>rebus</span> <span class='ocrx_word' id='word_1_403' title='bbox 1788 4797 2149 4880; x_wconf 70' lang='lat' dir='ltr'>institutarum</span> <span class='ocrx_word' id='word_1_404' title='bbox 2185 4807 2242 4860; x_wconf 74' lang='grc' dir='ltr'>ὅ(</span> <span class='ocrx_word' id='word_1_405' title='bbox 2285 4805 2552 4873; x_wconf 78' lang='lat' dir='ltr'>generali·</span> <span class='ocrx_word' id='word_1_406' title='bbox 2657 4807 2984 4877; x_wconf 82' lang='lat' dir='ltr'>trahuntur,</span> <span class='ocrx_word' id='word_1_407' title='bbox 3039 4831 3098 4872; x_wconf 83' lang='lat' dir='ltr'>ut</span> <span class='ocrx_word' id='word_1_408' title='bbox 3137 4811 3263 4871; x_wconf 84' lang='lat' dir='ltr'>sunt</span> <span class='ocrx_word' id='word_1_409' title='bbox 3301 4813 3370 4871; x_wconf 86' lang='lat' dir='ltr'>de</span> <span class='ocrx_word' id='word_1_410' title='bbox 3429 4811 3632 4870; x_wconf 72' lang='lat' dir='ltr'>virmte</span> <span class='ocrx_word' id='word_1_411' title='bbox 3665 4849 3682 4875; x_wconf 87' lang='lat'><em>‚</em></span> <span class='ocrx_word' id='word_1_412' title='bbox 3737 4806 3807 4863; x_wconf 72' lang='lat' dir='ltr'>de</span> <span class='ocrx_word' id='word_1_413' title='bbox 3837 4803 4054 4874; x_wconf 62' lang='lat' dir='ltr'>jUstiti³</span> <span class='ocrx_word' id='word_1_414' title='bbox 4097 4841 4120 4865; x_wconf 69' lang='lat'><strong><em>³</em></strong></span> 
     </span>
     <span class='ocr_line' id='line_1_41' title="bbox 1115 4855 4112 4959; baseline 0.008 -45"><span class='ocrx_word' id='word_1_415' title='bbox 1115 4855 1205 4938; x_wconf 74' lang='lat' dir='ltr'>bus</span> <span class='ocrx_word' id='word_1_416' title='bbox 1237 4901 1253 4924; x_wconf 90' lang='lat'>,</span> <span class='ocrx_word' id='word_1_417' title='bbox 1314 4859 1615 4941; x_wconf 52' lang='lat' dir='ltr'>cuiusmodi</span> <span class='ocrx_word' id='word_1_418' title='bbox 1674 4883 1779 4944; x_wconf 73' lang='lat' dir='ltr'>trra</span> <span class='ocrx_word' id='word_1_419' title='bbox 1828 4889 2024 4940; x_wconf 80' lang='lat' dir='ltr'>genera</span> <span class='ocrx_word' id='word_1_420' title='bbox 2060 4872 2392 4942; x_wconf 73' lang='lat' dir='ltr'>distinguit.</span> <span class='ocrx_word' id='word_1_421' title='bbox 2433 4877 2550 4934; x_wconf 85' lang='lat' dir='ltr'>Alii</span> <span class='ocrx_word' id='word_1_422' title='bbox 2653 4881 2966 4955; x_wconf 79' lang='lat' dir='ltr'>caererisque</span> <span class='ocrx_word' id='word_1_423' title='bbox 3019 4884 3075 4943; x_wconf 70' lang='lat' dir='ltr'>id</span> <span class='ocrx_word' id='word_1_424' title='bbox 3131 4905 3298 4959; x_wconf 77' lang='lat' dir='ltr'>genus</span> <span class='ocrx_word' id='word_1_425' title='bbox 3333 4883 3488 4946; x_wconf 69' lang='lat' dir='ltr'>rebus</span> <span class='ocrx_word' id='word_1_426' title='bbox 3539 4879 3808 4944; x_wconf 64' lang='lat' dir='ltr'>instituta</span> <span class='ocrx_word' id='word_1_427' title='bbox 3861 4873 4112 4950; x_wconf 70' lang='lat' dir='ltr'>disput·-</span> 
     </span>
     <span class='ocr_line' id='line_1_42' title="bbox 1089 4931 3091 5016; baseline 0.017 -34"><span class='ocrx_word' id='word_1_428' title='bbox 1089 4946 1262 5008; x_wconf 45' lang='lat' dir='ltr'>·en1m</span> <span class='ocrx_word' id='word_1_429' title='bbox 1300 4931 1405 4989; x_wconf 75' lang='lat' dir='ltr'>loci</span> <span class='ocrx_word' id='word_1_430' title='bbox 1445 4932 1826 4998; x_wconf 67' lang='lat' dir='ltr'>snsenauones</span> <span class='ocrx_word' id='word_1_431' title='bbox 1879 4961 2165 5001; x_wconf 79' lang='lat' dir='ltr'>crumnum</span> <span class='ocrx_word' id='word_1_432' title='bbox 2259 4947 2552 5008; x_wconf 81' lang='lat' dir='ltr'>uorundam</span> <span class='ocrx_word' id='word_1_433' title='bbox 2653 4950 2868 5014; x_wconf 80' lang='lat' dir='ltr'>tiones.</span> <span class='ocrx_word' id='word_1_434' title='bbox 2902 4957 3091 5016; x_wconf 55' lang='lat' dir='ltr'>Idem.</span> 
     </span>
    </p>
   </div>
   <div class='ocr_carea' id='block_1_6' title="bbox 1115 5003 2549 5112">
    <p class='ocr_par' dir='ltr' id='par_1_10' title="bbox 1115 5003 2549 5112">
     <span class='ocr_line' id='line_1_43' title="bbox 1115 5003 2549 5112; baseline 0.017 -56"><span class='ocrx_word' id='word_1_435' title='bbox 1115 5003 1519 5074; x_wconf 77' lang='lat' dir='ltr'>continebant,</span> <span class='ocrx_word' id='word_1_436' title='bbox 1570 5005 1639 5065; x_wconf 85' lang='lat' dir='ltr'>de</span> <span class='ocrx_word' id='word_1_437' title='bbox 1702 5011 1896 5089; x_wconf 45' lang='lat' dir='ltr'>quibus,</span> <span class='ocrx_word' id='word_1_438' title='bbox 1940 5032 2119 5092; x_wconf 49' lang='lat' dir='ltr'>nemo,</span> <span class='ocrx_word' id='word_1_439' title='bbox 2158 5013 2196 5076; x_wconf 89' lang='lat' dir='ltr'>d</span> <span class='ocrx_word' id='word_1_440' title='bbox 2263 5017 2363 5094; x_wconf 76' lang='lat' dir='ltr'>jtat</span> <span class='ocrx_word' id='word_1_441' title='bbox 2413 5019 2549 5112; x_wconf 66' lang='lat' dir='ltr'>quin</span> 
     </span>
    </p>
   </div>
  </div>
 </body>
</html>
