4359 6321
1234 492 1415 593 288
1984 398 2238 581 DE·
2345 468 3116 584 crants

1102 620 1352 691 constat
1400 636 1565 687 cum
1615 604 2005 705 prudentia,
2050 626 2200 676 turn
2252 604 2457 676 etiam
2503 600 2876 693 eloquentia
2929 594 3326 690 praestitiffe2
3381 588 3520 685 post
3573 590 3860 673 Pericles
3895 659 3919 696 ‚
3969 594 4116 701 qus

1104 744 1267 793 cum
1318 716 1583 789 floreret
1633 718 1823 785 omni
1874 730 2118 801 genere
2172 706 2470 791 virtutis,
2519 702 2642 771 hac
2693 720 2918 771 tamen
2973 700 3098 769 fuit
3151 696 3341 768 laude
3389 696 3779 770 clariffimus
3817 753 3834 775 .
3889 713 4084 779 cleo.

1108 848 1269 893 nem
1318 822 1521 890 etiam
1570 816 1972 909 temporibus
2024 812 2198 892 iuis,
2248 805 2704 879 turbulentum
2755 804 2954 871 illum
3001 801 3272 892 quidem
3323 801 3542 867 civem
3582 850 3604 885 ,
3678 797 3789 869 sed
3861 826 4110 881 tamen.

1106 928 1527 1013 eloquentem
1580 902 1827 989 constat
1876 912 2087 991 fuiffe.
2150 912 2334 977 Huic
2383 908 2554 976 aetati
2610 903 2919 995 suppares
2973 898 3348 970 Alcibiades
3385 952 3406 987 ,
3475 902 3718 968 Critias
3761 956 3781 991 ‚
3837 915 4087 983 Thera.

1111 1044 1378 1094 menes:
1430 1022 1661 1113 quibus
1712 999 2112 1108 temporibus
2161 1009 2335 1101 quod
2389 1004 2646 1076 dicendi
2695 1024 2910 1095 genus
2965 1004 3296 1093 viguerit,
3343 1024 3426 1071 ex
3461 1002 3879 1088 Thucydidis
3937 1014 4088 1087 scri.

1111 1130 1279 1216 ptis,
1327 1128 1439 1213 qui
1491 1120 1625 1211 ipse
1675 1140 1821 1189 tum
1871 1120 1997 1189 fuit
2052 1112 2337 1201 intelligi
2389 1109 2686 1187 maxime
2737 1102 2982 1196 potest.
3033 1103 3333 1173 Grandes
3385 1120 3578 1173 erant
3633 1112 3894 1204 verbis,
3949 1139 4089 1188 cre.

1115 1228 1214 1293 bri
1266 1226 1633 1309 tententiiS,
1682 1219 2150 1313 compreffione
2203 1231 2430 1281 rerum
2483 1209 2750 1296 breves,
2808 1209 2881 1278 δι
2935 1208 3018 1277 ob
3069 1227 3222 1275 eam
3275 1205 3486 1296 ipsam
3537 1213 3812 1287 caulam.
3881 1219 4095 1291 inter...

1112 1326 1278 1395 dum
1332 1324 1747 1395 subobscuri.
3359 1402 3369 1409 ι

1214 1430 1406 1497 VIII.
1460 1426 1581 1493 Sed
1636 1444 1709 1491 ut
1783 1414 2193 1491 inteneaum
2263 1410 2356 1481 est
2394 1467 2416 1501 ‚
2465 1430 2783 1505 quantam
2839 1413 2980 1480 vim
3051 1408 3316 1483 haberet
3372 1432 3728 1507 accurata,
3780 1424 3852 1495 ὅ(
3915 1418 4086 1497 ἢεί,

1119 1528 1407 1623 quodam
1458 1526 1661 1594 modo
1708 1524 1957 1611 orati03
1994 1536 2159 1595 ,tum
2210 1518 2412 1584 etiam
2463 1517 2756 1609 magistri
2807 1513 3067 1584 dicendi
3123 1516 3324 1583 multi
3383 1514 3589 1587 subito
3642 1510 4078 1594 exstiterunt:

1111 1648 1257 1701 tum
1310 1627 1678 1699 Leontinus
1750 1626 2039 1714 Gorgias
2078 1672 2100 1705 ‚
2152 1619 2702 1704 Thrasymachus
2775 1616 3261 1687 Chalcedonius
3301 1669 3322 1703 ,
3377 1620 3770 1711 Protagoras
3825 1628 4090 1697 Abderi-

1112 1748 1212 1799 tes
1249 1782 1269 1814 ‚
1320 1728 1632 1794 Prodicus
1701 1730 1876 1795 Ceus
1914 1778 1935 1811 ,
1989 1723 2286 1811 Hippias
2323 1721 2526 1789 Eleus
2578 1726 2646 1790 in
2715 1720 2970 1788 honore
3020 1739 3274 1809 magno
3345 1720 3468 1790 fuit
3514 1749 3538 1811 ‚-
3595 1727 3846 1819 aliique
3895 1731 4101 1800 multi

1117 1828 1520 1921 temporibus
1564 1823 1818 1898 eisdem
1868 1830 2105 1895 docete
2158 1824 2224 1891 se
2274 1822 2790 1910 profitebantur,
2845 1820 3306 1910 arrogantibus
3363 1821 3514 1892 sane
3557 1827 3816 1916 verbis,
3865 1854 4096 1923 quem·

1120 1932 1478 2000 admodum
1530 1930 1725 1996 caula
1776 1930 2051 1997 inferior
2104 1926 2246 2011 (ita
2295 1926 2481 1992 enim
2532 1922 3020 2016 loquebantur)
3071 1923 3351 1992 dicendo
3403 1923 3550 1992 fieti
3605 1930 3900 2020 superior
3961 1930 4096 2022 pos-

1122 2032 1250 2101 set.
1310 2034 1396 2099 lis
1446 2014 1763 2118 opposuit'
1816 2032 1945 2101 sese
2014 2034 2318 2094 Socrates
2361 2077 2382 2111 ,
2451 2028 2562 2117 qui
2619 2024 2969 2093 subtilitate
3020 2025 3312 2116 quadam
3369 2027 3739 2116 disputandi
3795 2034 4098 2105 refellere

1122 2122 1697 2202 eorum²instituta
1770 2142 1917 2223 (a)
1972 2125 2216 2195 solebat
2270 2124 2487 2195 verbis
2529 2176 2548 2195 .
2627 2127 2854 2206 Hujus
2899 2148 2988 2193 ex
3043 2128 3395 2197 uberrimis
3449 2130 3849 2203 sermonibus
3900 2136 4110 2205 exsti-0

1124 2252 1348 2303 terunt
1413 2233 1751 2311 dostiffimi
1825 2234 2005 2299 viri:
2076 2230 2502 2318 primumque
2571 2226 2716 2296 tun‘x
2788 2226 3242 2318 philosophia,
3299 2254 3430 2299 non
3486 2232 3598 2300 illa
3647 2236 3724 2301 de
3777 2254 4012 2305 natura
4077 2290 4114 2327 ,

1122 2358 1269 2426 quae
1329 2336 1543 2403 fuerat
1592 2335 1969 2423 antiquior,
2021 2330 2127 2399 sed
2174 2331 2360 2416 haec,
2408 2332 2478 2396 in
2533 2350 2662 2420 qua
2711 2330 2791 2395 de
2844 2326 3030 2396 bonis
3085 2331 3274 2399 rebus
3326 2336 3398 2403 δι’.
3439 2334 3664 2421 malis,
3713 2338 3924 2427 deque
3972 2338 4106 2419 hq-

1124 2440 1392 2505 minum
1445 2439 1579 2502 vita
1636 2429 1706 2506 δε
1766 2432 2057 2504 moribus
2128 2430 2537 2519 disputatur,
2597 2435 2868 2497 inventa
2923 2433 3202 2501 dicitur.
3257 2436 3454 2520 Quod
3509 2440 3828 2527 quoniam
3891 2460 4096 2527 genus

1124 2537 1207 2605 ab
1254 2539 1381 2603 hoc
1424 2587 1446 2618 ‚
1494 2535 1670 2623 quod
1744 2536 2238 2625 proposuimuS,
2287 2530 2588 2600 abhorret
2628 2584 2649 2618 ,
2702 2530 3114 2622 philosophos
3165 2536 3344 2603 aliud
3397 2541 3466 2605 in
3539 2558 3802 2627 tempus
3853 2541 4100 2619 rejicia-

1124 2656 1320 2705 mus:
1373 2634 1451 2701 ad
1498 2654 1833 2720 oratores,
1880 2659 1919 2703 a
1971 2634 2207 2725 quibus
2258 2634 2514 2722 digreffi
2571 2634 2840 2718 sumus,
2893 2654 3351 2706 revertamur.

1228 2736 1493 2802 Exstitit
1547 2736 1753 2824 igitur
1806 2738 1943 2813 jam
1996 2736 2258 2802 lenibus
2307 2734 2484 2817 illis‚·
2534 2756 2700 2821 quos
2749 2734 2947 2820 paulo
2995 2753 3151 2802 ante
3188 2738 3525 2823 diximus,
3583 2740 3938 2828 Isocrates,
3985 2764 4094 2811 cu-

1132 2836 1238 2915 lus
1286 2838 1533 2902 domus
1598 2835 1853 2903 cunaae
1906 2840 2176 2901 Graeciae
2217 2885 2238 2918 ‚
2289 2834 2471 2921 quali
2545 2833 2742 2899 ludus
2795 2832 3069 2919 quidam
3143 2838 3400 2925 patuit,
3453 2859 3652 2931 atque
3701 2844 3955 2913 officina
4001 2846 4102 2911 di..

1122 2938 1319 3005 cendi
1358 2990 1381 3020 ,
1435 2956 1721 3023 magnus
1772 2952 1991 3003 orator
2034 2985 2055 3020 ,
2104 2936 2177 3003 δε
2235 2932 2569 3022 ρετῖεὲὶυς
2623 2932 2934 3021 magister
2972 2982 2994 3015 ,
3043 2954 3428 3026 quanquam
3506 2942 3744 3015 forenli
3802 2932 3944 3015 luce
3993 2966 4101 3011 ca-

1123 3039 1302 3121 ruit,
1354 3038 1653 3127 intraque
1725 3026 1999 3125 parietes
2068 3034 2236 3103 aluit
2286 3056 2432 3101 eam
2487 3034 2774 3122 gloriam
2813 3087 2835 3118 ‚
2884 3054 3089 3123 quam
3140 3058 3339 3105 nemo
3408 3042 3680 3131 quidem
3736 3070 3891 3115 meo
3940 3047 4100 3126 judi-

1056 3169 1063 3176 ·
1128 3138 1233 3207 cio
1287 3138 1377 3224 (b
1408 3148 1434 3218 J
1500 3138 1594 3205 est
1647 3124 1865 3229 postea
1916 3138 2336 3209 consecutus.
2393 3137 2459 3202 Is
2513 3130 2583 3206 &
2641 3137 2774 3223 ipse
2827 3134 3073 3226 scripsit
3129 3140 3338 3208 multa
3399 3146 3767 3234 praeclare,
3847 3152 3916 3220 ἀ
3989 3150 4104 3216 tlo-

1126 3225 1267 3309 cuit
1343 3240 1563 3306 alios:
1646 3241 1716 3309 &
1770 3261 1929 3307 cum
1982 3255 2214 3308 caetera
2267 3233 2509 3304 melius
2549 3288 2572 3321 ‚
2619 3256 2828 3326 quam
2881 3237 3236 3323 superiores
3283 3295 3303 3330 ,
3349 3260 3498 3313 tum
3549 3251 3797 3334 primus
3849 3251 4106 3319 intelle.

1122 3343 1274 3426 xit,
1318 3341 1523 3408 etiam
1596 3338 1667 3410 in
1720 3340 1935 3408 soluta
1982 3338 2324 3426 oratione,
2393 3337 2558 3406 dum
2630 3337 2895 3407 versum
2946 3337 3328 3429 effugeres,
3399 3347 3674 3413 modum
3746 3369 3972 3417 tamen
4038 3356 4112 3423 δι

1122 3461 1487 3514 numerum
1537 3441 1877 3532 quendam
1916 3459 2218 3530 oportere
2271 3441 2558 3508 lervari.
2609 3443 2794 3508 Ante
2842 3441 3020 3508 hunc
3073 3444 3248 3509 enim
3301 3445 3646 3514 verborum
3699 3450 3878 3536 quast
3911 3452 4124 3521 ,Πω-

1132 3542 1319 3610 stura
1360 3594 1383 3627 ,
1456 3543 1525 3612 &t
1586 3545 1885 3634 quaedam
1940 3544 2024 3612 ad
2095 3561 2456 3612 numerum
2507 3541 2852 3610 conclufio
2890 3591 2912 3628 ,
2978 3542 3161 3608 nulla
3215 3561 3358 3610 erat
3398 3571 3418 3633 ;
3495 3565 3610 3618 aut
3659 3599 3680 3634 ,
3734 3550 3776 3614 fi
3829 3553 4128 3638 quando

1128 3655 1312 3725 erat,
1364 3661 1495 3707 non
1548 3643 1889 3730 apparebat
1937 3663 2089 3712 eam
2140 3643 2362 3712 dedita
2413 3663 2607 3730 opera
2663 3644 2783 3710 effe
2833 3643 3217 3734 quaefitam3
3269 3669 3413 3734 quae
3467 3648 3730 3714 forsitan
3787 3649 3934 3716 laus
3991 3653 4120 3743 lit3

1132 3757 1597 3808 verumtamen
1651 3761 1889 3811 natura
1937 3745 2033 3829 (⁴‘
2062 3755 2089 3830 )
2145 3745 2362 3832 magis
2415 3758 2606 3829 tum,
2655 3743 2936 3834 casoque
2988 3767 3473 3835 nonnunquam
3511 3801 3534 3832 ‚
3583 3771 3784 3838 quam
3837 3771 3952 3820 aut
4009 3776 4118 3822 ra„

1128 3839 1304 3908 tione
1351 3837 1575 3928 aliqua
1624 3857 1738 3908 aut
1786 3840 2246 3909 observatione
2293 3841 2527 3910 fiebat.
2585 3843 2732 3930 Ipsa
2782 3847 2964 3911 enirn
3018 3862 3254 3912 natura
3295 3849 3908 3940 circumscriptione
3949 3877 4116 3944 qua-

1125 3939 1283 4007 dam
1340 3937 1693 4008 verborum
1744 3939 2286 4030 comprehendit,
2337 3943 2804 4029 concluditque
2859 3943 3290 4012 sententiam:
3347 3971 3488 4035 quae
3535 3971 3702 4020 cum
3733 3957 3914 4042 ‘aptis
3951 3979 4116 4024 con-

1128 4037 1343 4108 {trista
1414 4037 1627 4108 verbis
1696 4041 1845 4129 est,
1923 4040 2095 4109 cadit
2142 4042 2344 4108 etiam
2397 4041 2790 4130 plerumque
2859 4043 3205 4110 numerose
3241 4093 3258 4108 .
3329 4051 3510 4116 Nam
3583 4054 3653 4122 &
3713 4073 3906 4122 aures
3955 4057 4118 4144 ipsae

1126 4141 1287 4234 quid
1340 4139 1656 4230 plenum,
1706 4141 1865 4234 quid
1915 4145 2112 4209 inane
2166 4140 2286 4226 fit,
2344 4140 2672 4229 iudicant,
2727 4145 2800 4212 δε
2861 4142 3131 4233 spiritu,
3186 4147 3370 4237 quali
3423 4155 3786 4223 necestitate
3839 4157 4124 4247 aliqua,

1129 4239 1481 4311 verborum
1534 4242 2031 4334 comprehenfio
2088 4244 2524 4313 terminatur:
2581 4247 2652 4314 in
2703 4267 2836 4336 quo
2883 4267 3026 4314 non
3077 4249 3278 4316 modo
3319 4250 3555 4342 defici,
3609 4255 3714 4324 sed
3768 4261 3972 4327 etiam
4021 4262 4130 4328 la..

1130 4339 1358 4412 borare
1414 4360 1599 4432 turpe
1648 4347 1777 4414 est.

1184 4445 1193 4450 ’
1238 4447 1356 4511 ΙΧ.
1410 4447 1595 4512 Tum
1671 4447 1797 4515 fuit
1867 4447 2099 4534 Lysias
2136 4503 2157 4536 ,
2228 4449 2362 4541 ipse
2411 4451 2680 4542 quidem
2729 4451 2801 4520 in
2851 4451 3064 4520 causis
3121 4453 3483 4528 forenfibus
3523 4479 3672 4527 -non
3727 4464 4048 4532 versatus
4105 4519 4134 4554 ,

1128 4541 1247 4616 led
1294 4547 1564 4635 egregie
1635 4545 1889 4620 subtilis
1941 4550 2210 4639 scriptor
2275 4567 2474 4642 atque
2523 4555 2850 4644 elegans:
2903 4576 3106 4645 quem
3161 4557 3297 4634 jam
3351 4579 3554 4650 prope
3605 4563 3846 4634 audeas
3897 4585 4153 4636 orato.

3499 4755 3514 4770 .
3861 4689 4024 4737 rem

1200 5019 1315 5080 (a)
1353 5016 1611 5085 Solebat)
1646 5017 1795 5078 Vibi.
1818 5015 2035 5088 solebat
2071 5027 2163 5080 vir
2199 5028 2248 5082 is
2273 5065 2291 5093 ,
2319 5031 2510 5096 cujac.
2743 5028 2855 5092 (³¹)
2900 5034 3081 5099 Magis
3115 5047 3241 5090 tum
3269 5045 3294 5100 >
3329 5033 3473 5094 Via.
3507 5037 3657 5097 Man.
3707 5046 3892 5112 magt}
3923 5081 3949 5113 ,
4000 5060 4150 5102 tum

1204 5083 1319 5153 (b)
1354 5087 1449 5176 ‚²st
1472 5089 1700 5164 postea)
1734 5093 1904 5152 Grut.
1936 5091 2013 5166 est
2037 5105 2232 5168 poeta.
2673 5098 2805 5170 casu
2844 5119 3283 5177 nonnunquam.

4281 1690 4292 1701 δ

4304 1595 4322 1832 ——.---
4318 1537 4326 1562 -

4318 2577 4329 2592 -
4308 2361 4326 2546 —.--
