4359 6321
970 470 2509 577 LIBER‘PR1MUS

2526 547 2546 573 0

223 610 296 678 δε
357 604 652 674 lermoe
707 596 1007 669 versatur
1044 630 1068 664 ι
1145 616 1220 669 nt
1263 604 1342 667 'in
1393 600 1658 667 caeteris·
1697 600 1768 666 id
1825 602 2124 669 maxime
2192 604 2479 675 excellat
2514 658 2535 693 ,
2604 606 2785 699 quod
2858 510 3227 701 longgime

222 708 301 776 fit
351 705 432 773 ab
480 703 940 793 imperitorum
990 702 1481 794 intelligentia,
1533 698 1854 791 sensuque
1912 704 2371 781 animuum:
2429 712 2499 775 in
2548 708 2823 779 dicendo
2872 728 3095 781 autem
3118 716 3217 783 vi-

219 808 386 875 tium
437 805 552 872 vel
596 808 975 873 maximum
1045 803 1122 876 fit
1193 824 1235 868 a
1301 800 1572 889 vulgari
1623 822 1864 891 genere
1913 806 2233 873 orationis
2272 862 2295 895 ,
2363 826 2561 898 atque
2628 834 2664 880 a
2737 810 3213 883 confitetudine

213 906 598 978 eommunis
653 902 874 975 stnsus
923 886 1356 973 abhorrere.-
3202 956 3209 969 .
3254 966 3259 973 .

225 1046 240 1059 .
309 1008 460 1075 lv.»
495 1008 598 1074 Ac
648 1023 730 1073 ne
780 1004 952 1073 iilud
1005 1004 1287 1096 quidem·
1329 1022 1484 1071 vere
1533 1002 1660 1071 dici
1713 1004 1916 1092 potest
1955 1041 1976 1090 ,·
2049 1023 2164 1073 aut
2220 1008 2441 1097 plures
2491 1014 2744 1082 caeteris
2796 1014 3045 1087 artibus
3106 1016 3207 1084 in-

209 1107 518 1192 struite,
571 1125 687 1176 aur
739 1110 991 1185 maiore
1039 1104 1468 1173 delectatione
1504 1158 1526 1189 ,
1589 1122 1708 1171 aut
1763 1104 1870 1193 spe
1919 1102 2226 1173 uberiore
2260 1160 2279 1195 ‚
2352 1128 2469 1179 aut
2518 1114 2807 1201 praemiis
2855 1118 2936 1182 ad
2990 1116 3209 1204 perdi.

207 1208 546 1279 fiendum-
589 1206 1024 1297 amplioribus
1065 1208 1524 1273 commoveri.
1578 1208 1799 1294 Atque
1849 1220 1924 1273 ut
1971 1208 2277 1277 omittam
2316 1213 2697 1298 Graeciam„
2746 1234 2889 1300 quae
2949 1214 3209 1305 semper

205 1309 600 1399 eloquentiae
656 1311 960 1399 prinecps
1025 1308 1148 1375 effe
1203 1306 1422 1373 voluit
1461 1358 1482 1391 ,
1551 1320 1747 1395 atque
1799 1306 1953 1375 illas
2003 1310 2308 1377 omnium
2356 1310 2815 1383 dostrinarum
2866 1317 3205 1383 inventri-

211 1430 334 1483 ως
373 1411 720 1498 Athena-5,
769 1413 844 1478 in
893 1408 1130 1501 quibus
1185 1406 1446 1477 summa
1492 1404 1748 1474 dicendi
1803 1409 1902 1474 vis
1957 1410 2027 1477 δε
2081 1411 2351 1478 inventa
2404 1411 2495 1478 est
2532 1465 2555 1497 ,
2606 1416 2679 1483 &
2734 1415 3021 1501 perfeSta
3052 1440 3077 1477 .·
3143 1418 3221 1485 iir

209 1510 344 1579 hac
391 1510 534 1599 ipsa
583 1514 850 1579 civitate
899 1510 1198 1599 profecto
1251 1508 1439 1575 nulla
1489 1526 1797 1599 unquam
1841 1510 2343 1595 vehementius,
2378 1532 2603 1601 quam
2640 1516 3037 1605 eloquentiae
3089 1514 3221 1585 stu-

213 1610 324 1677 dia
377 1612 774 1699 viguerunt.
827 1616 1003 1679 Nam
1055 1608 1518 1701 posteaquam,
1573 1612 1854 1699 imperio
1901 1614 2211 1681 omnium
2268 1615 2573 1703 gentium
2620 1614 3017 1700 constituto,
3067 1617 3215 1683 diu-

209 1712 504 1782 turnitas
551 1714 730 1801 pacis
779 1715 986 1781 otium
1037 1712 1472 1781 confirmavit
1512 1763 1532 1796 ,
1609 1734 1808 1781 nemo
1859 1713 1996 1781 fere
2043 1712 2261 1785 laudis
2312 1711 2591 1801 cupidus
2645 1715 3047 1795 adolescens,
3077 1736 3215 1783 non

216 1809 332 1879 fibi
383 1812 466 1879 ad
515 1813 868 1881 dicendum
923 1814 1134 1881 studio
1189 1814 1370 1881 omni
1443 1812 1840 1883 enitendum
1897 1819 2155 1903 putavit
2209 1860 2229 1880 .
2284 1818 2389 1882 Ac
2444 1814 2656 1901 primo
2704 1817 2969 1905 quidem
3018 1818 3221 1884 totius

222 1912 496 1975 rationis
545 1915 764 1998 ignari
807 1966 829 1999 ,
873 1919 987 2001 qui
1039 1934 1249 2000 neque
1297 1916 1780 1981 exercitationis
1831 1918 2050 1987 ullam
2105 1917 2339 2001 viam,
2394 1936 2611 2005 neque
2671 1918 2939 2007 aliquod
2986 1938 3223 2006 praece·

221 2024 412 2097 ptum
469 2011 626 2075 artis
672 2012 798 2075 effe
844 2013 1312 2079 arbitrarentur
1351 2066 1374 2097 ,
1444 2028 1710 2079 tantum
1749 2064 1772 2096 ,
1821 2034 2150 2102 quantum
2204 2019 2475 2103 ingenio
2528 2018 2596 2084 ὃ(
2653 2022 3053 2107 cogitatione
3106 2040 3217 2105 po-

213 2123 442 2175 terant
483 2160 504 2192 ,
553 2107 1125 2197 consequebantur
1173 2157 1191 2174 .
1265 2110 1418 2174 Post
1467 2126 1689 2178 autem
1737 2164 1756 2194 ,
1823 2114 2058 2179 auditis
2107 2115 2479 2181 oratoribus
2528 2121 2775 2184 Graecis
2811 2170 2833 2201 ,
2906 2117 3221 2207 cognitis-‘-

219 2226 352 2297 que
401 2226 638 2275 eorum
695 2209 898 2277 literis
934 2261 955 2294 ‚
1007 2207 1440 2298 adhibitisque
1491 2206 1860 2276 dottoribus
1901 2263 1922 2295 ‚
1990 2210 2361 2276 incredibili
2414 2216 2703 2301 quodam
2754 2216 2956 2282 nostri
3006 2217 3222 2287 homi*

221 2328 346 2377 nes
395 2308 662 2377 dicendi
713 2309 924 2379 studio
975 2306 1472 2397 flagraverunt.
1527 2308 1869 2376 Excitabat
1921 2330 2030 2377 eos
2085 2311 2489 2397 magnitudo
2544 2314 2615 2379 &
2672 2315 2996 2401 varietas,
3046 2314 3222 2383 mul-

221 2407 570 2500 titudoque
628 2410 706 2475 -in
760 2412 944 2477 omni
997 2428 1242 2497 genere
1319 2408 1673 2477 causarum
1712 2460 1735 2493 ‚
1802 2425 1878 2475 ut
1947 2410 2030 2475 ad
2102 2430 2253 2477 eam
2322 2409 2694 2479 dostrinam
2733 2466 2758 2498 ,
2824 2436 3033 2503 quam
3105 2414 3226 2481 suo

223 2508 506 2601 quisque
549 2509 762 2583 studio
833 2512 1151 2609 affecugus
1201 2511 1352 2577 esset
1390 2561 1410 2594 ‚
1481 2508 1958 2597 adiungeretur
2026 2507 2191 2574 usus
2257 2509 2568 2601 frequens
2604 2560 2629 2597 ,
2696 2514 2832 2607 gqui
2906 2517 3215 2582 omnium

217 2611 702 2699 magistrorum
772 2628 1094 2701 praecepta
1169 2609 1498 2698 superaret
1535 2656 1552 2672 .
1589 2612 1832 2677 ·Erant
1887 2628 2118 2677 autem
2165 2608 2329 2677 huic
2378 2609 2589 2679 studio
2638 2616 2940 2679 maxima
2986 2666 3009 2698 ,
3075 2636 3221 2702 quae:

213 2734 410 2779 nunc
465 2726 728 2801 quoque
784 2714 932 2780 sunt
973 2764 994 2795 .,
1043 2713 1336 2799 expolita
1381 2710 1694 2799 praemia,
1747 2712 1856 2777 vel
1909 2709 1996 2777 ad
2051 2710 2377 2797 gratiam,
2434 2712 2538 2777 vel
2595 2710 2675 2779 ad
2726 2733 2925 2800 opes,
2974 2714 3081 2781 vel
3136 2714 3219 2780 ad

213 2812 616 2901 dignitatem
659 2860 674 2877 .
733 2817 1032 2901 ,Ingenia
1089 2832 1246 2878 vero
1317 2823 1446 2898 (ut
1504 2808 1734 2877 multis
1787 2808 1980 2879 rebus
2035 2810 2345 2898 ponimus
2419 2810 2767 2900 iudicare)
2842 2811 3223 2884 nostrorum

210 2914 582 2984 bominum
633 2913 926 2981 multum
975 2914 1231 2982 caeteris
1275 2909 1668 2979 hominibus
1717 2913 2028 2979 omnium
2079 2914 2385 3001 gentium
2434 2912 2905 3001 praestiterunt.
2955 2910 3219 2999 Qibus

211 3012 300 3080 de
353 3014 569 3081 caulis
609 3016 832 3105 ,quis
882 3038 1020 3081 non
1078 3015 1225 3092 jure
1280 3015 1556 3081 miretur
1600 3064 1620 3098 ‚
1665 3034 1752 3079 ex
1805 3013 2000 3079 omni
2050 3014 2373 3081 memoria
2420 3029 2697 3083 aetatum
2734 3067 2755 3101 ,
2804 3031 3222 3105 temporum,

205 3116 570 3184 civitatum
609 3165 630 3199 ,
681 3132 822 3184 tam
871 3116 1197 3203 exignum
1253 3132 1591 3182 oratorum
1643 3135 2002 3183 numerum
2051 3115 2391 3185 inveniri?
2446 3116 2567 3184 Sed
2622 3117 2946 3186 nimirum
3000 3118 3218 3195 majus

207 3214 314 3278 est
362 3215 492 3280 hoc
545 3215 866 3301 quidam,
915 3234 1120 3304 quam
1167 3217 1476 3288 homines
1527 3217 1928 3305 opinantur,
1977 3218 2050 3284 δε
2109 3217 2413 3306 pluribus
2446 3237 2530 3286 ex
2570 3219 2823 3286 artibus
2874 3217 3227 3306 studiisque

208 3313 587 3381 collectum
613 3361 630 3378 .
1293 3345 1298 3348 ·
3188 3315 3201 3327 ‘

313 3419 403 3482 V.
463 3413 638 3500 Qis
709 3415 892 3483 enim
963 3415 1140 3484 aliud
1209 3415 1278 3484 in
1329 3419 1636 3485 maxima·
1675 3417 2076 3486 discentium
2123 3418 2555 3490 multitudine
2592 3468 2614 3501 ,
2684 3414 2943 3482 summa
3010 3415 3223 3500 magi·

209 3507 520 3584 strorum
569 3520 764 3604 copia
803 3570 824 3601 ,
898 3517 1426 3606 praestantiffimis
1477 3520 1834 3586 hominum
1885 3517 2169 3603 ingeniis
2206 3568 2227 3603 ,
2274 3513 2563 3601 {infinita
2612 3509 2963 3580 causarum
3016 3513 3227 3604 varie-

207 3627 359 3686 tate
393 3670 418 3704 ,
471 3617 882 3706 ampliffimis
933 3619 1330 3706 eloquentiae
1399 3618 1740 3705 propositis
1788 3618 2074 3705 praemiis
2115 3663 2140 3700 ,
2205 3615 2327 3684 effe
2396 3613 2603 3681 caufie
2651 3626 2835 3703 putet
2870 3667 2891 3700 ‚
2959 3611 3080 3678 nifi
3130 3610 3225 3676 rei

207 3717 570 3803 quandam
621 3715 1100 3785 incredibilem·
1131 3719 1718 3807 magnitudinem,
1771 3738 1848 3785 ac
1899 3715 2362 3784 difficultatem
2407 3715 2445 3776 ,ἓ
2494 3713 2605 3779 Est
2652 3715 2833 3779 enim
2890 3713 2961 3782 δε
3020 3711 3223 3779 scien-

210 3817 318 3882 tia
373 3815 1000 3910 comprehendenda
1053 3839 1288 3885 rerum
1343 3818 1824 3904 plurimarum,
1879 3817 2016 3882 fine
2066 3836 2197 3904 qua
2256 3811 2603 3882 verborum
2657 3811 3034 3879 volubilitas
3084 3812 3225 3878 ina.

207 3918 332 3987 nis
392 3933 590 4010 atque
636 3918 969 3986 irridenda
1017 3917 1110 3984 est
1161 3941 1184 3980 .·
1263 3921 1332 3989 δε
1379 3917 1523 4006 ipsa
1575 3918 1788 3985 oratio
1837 3915 2333 3986 conformanda
2384 3934 2517 3982 non
2573 3913 2791 3982 solum
2838 3911 3157 3980 elestione
3198 3958 3222 3998 ,

207 4018 341 4094 sed.
387 4024 592 4088 etiam
646 4019 1128 4090 construetione
1182 4018 1578 4088 verborum:
1634 4020 1704 4088 δι
1762 4037 1998 4086 omnes
2045 4017 2425 4084 animorum
2476 4030 2743 4102 motuS,
2794 4033 2958 4104 quos
3008 4013 3223 4081 horni-

213 4143 396 4188 num
453 4123 685 4211 generi
737 4141 966 4188 rerum
1019 4137 1261 4190 natura
1318 4121 1547 4187 tribuit
1589 4171 1612 4204 ,
1683 4120 1944 4208 penitus
2009 4117 2433 4207 pernoscendi
2472 4170 2493 4204 ,
2528 4117 2737 4207 ‘quod
2806 4104 3042 4182 omnis
3116 4115 3217 4182 vis

209 4226 546 4312 ratioque·
577 4221 843 4289 dicendi
888 4277 906 4308 ,
953 4224 1026 4288 in
1076 4241 1314 4290 eorum
1356 4275 1377 4307 ‚
1449 4222 1560 4310 qui
1614 4220 1895 4288 audiunt
1935 4275 1956 4307 ,
2023 4217 2361 4287 mentibus
2400 4272 2421 4306 ,
2487 4233 2601 4286 aut
2672 4215 3037 4301 sedandis,
3107 4227 3221 4282 aut

205 4324 588 4392 excitandis
642 4323 1096 4412 expromenda
1144 4323 1242 4389 est
1280 4371 1294 4385 .
1368 4321 1659 4387 Accedat
1709 4319 1937 4393 eodem
1989 4337 2237 4409 oportet
2290 4321 2470 4407 lepos
2537 4316 2811 4408 quidam
2855 4370 2876 4403 ,
2946 4314 3223 4383 facetiae-

207 4443 354 4514 que
393 4475 414 4507 ,
466 4427 536 4494 δ(
588 4425 876 4492 >eruditio
931 4422 1136 4490 libero
1185 4424 1393 4511 digna
1429 4473 1451 4507 ,
1501 4420 1928 4510 celeritasque
1983 4425 2052 4493 &
2116 4419 2401 4487 brevitas
2457 4421 2527 4488 &
2583 4415 3019 4505 respondendi
3073 4466 3093 4502 ,
3144 4418 3215 4486 dt

211 4525 610 4612 laceffendi,
667 4524 882 4593 fiibtili
945 4522 1284 4592 venustate
1322 4537 1592 4614 ,atque
1643 4520 2012 4590 urbanitate
2059 4518 2419 4600 coniuncta
2458 4567 2473 4586 .
2530 4520 2855 4586 Tenenda
2910 4531 3222 4608 praeterea

207 4627 311 4696 est
363 4629 580 4696 omnis
637 4628 992 4718 antiquitas
1037 4679 1056 4712 ,
1105 4624 1708 4712 exemplorumque
1759 4625 1860 4690 vis
1902 4649 1918 4689 ε
1989 4644 2205 4714 neque
2256 4624 2490 4710 legum
2534 4673 2553 4706 ,
2624 4637 2735 4688 aut
2790 4620 2961 4699 juris
3005 4615 3224 4686 civilis

213 4729 498 4798 scientia
547 4729 956 4818 negligenda
1007 4726 1104 4794 est
1141 4777 1157 4792 .
1221 4731 1396 4796 Nam
1451 4725 1610 4816 quid
1659 4745 1786 4814 ego
1839 4725 1922 4792 de
1971 4723 2230 4794 afflone
2283 4723 2417 4812 ipsa
2471 4722 2663 4812 plura
2716 4723 2940 4790 dicam
2985 4720 3011 4784 2
3082 4737 3223 4804 quae

214 4846 416 4898 motu
469 4835 762 4916 corporis
805 4883 826 4918 ,
876 4851 1018 4922 quae
1071 4826 1252 4920 gestu
1295 4883 1316 4923 ,
1369 4851 1510 4922 quae
1564 4827 1760 4894 vultu
1803 4879 1822 4912 ,
1891 4850 2032 4918 quae
2091 4827 2277 4895 vocis
2328 4824 2857 4893 conformatione
2903 4873 2925 4907 ,
2981 4838 3055 4883 ac
3112 4833 3231 4879 va-

217 4935 461 5000 rietate
505 4931 926 4998 moderanda·
959 4929 1109 5000 est:
1161 4919 1343 5021 qums
1377 4925 1510 4998 sola
1562 4950 1680 5017 per
1733 4925 1800 4994 se
1850 4925 1984 5017 ipsa
2036 4943 2289 5018 quanta
2324 4925 2341 4958 ”
2384 4925 2520 5015 fir,
2590 4917 2987 4995 histrionum
3046 4910 3221 4980 levis

215 5054 335 5103 ars
393 5033 466 5102 &
527 5030 718 5100 scena
767 5032 1066 5106 declarat
1111 5058 1130 5099 ε
1203 5035 1276 5106 in
1328 5053 1460 5126 qua
1511 5051 1674 5102 cum
1726 5051 1961 5102 omnes
2011 5029 2277 5120 ingeris
2300 5076 2369 5194 ᾗ
2402 5029 2478 5112 ὁ(
2537 5024 2737 5109 ‚vocis
2774 5073 2807 5118 h,
2884 5021 2957 5090 &
3010 5026 3229 5113 1905118

445 5136 618 5204 Tom.
671 5141 725 5204 1.
2293 5188 2299 5194 .
2988 5134 3131 5186 ΨΟ·
