4359 6321
737 556 1345 651 LIBER
1473 558 2586 659 SECUNDUS.
2906 581 3073 669 161

208 676 470 771 agenda
521 676 672 747 sunt
729 700 864 747 non
916 682 1140 751 minus
1191 679 1428 747 diserte
1469 731 1490 766 ‚
1563 698 1770 769 quam
1821 700 1966 769 quae
2039 682 2108 749 in
2161 684 2283 753 lite
2332 685 2647 755 dicuntur
2688 736 2711 773 ,
2776 686 3145 782 objurgatio
3190 748 3221 787 ‚

205 782 578 849 cohortatio
617 833 638 867 ,
691 778 1104 849 consolatio:
1171 800 1462 871 quorum
1515 780 1682 849 nihil
1734 779 1825 849 est
1866 836 1888 868 ‚
1961 784 2139 871 quod
2195 808 2331 854 non
2392 788 2649 859 summa
2702 786 2962 860 dicendi
3014 814 3211 864 orna-

201 898 430 949 menta
483 880 796 949 desideret
845 905 868 943 .·
947 880 1058 949 sed
1109 902 1194 949 ex
1251 882 1530 951 artificio
1577 904 1688 951 res
1743 881 1868 951 istae
1921 901 2247 973 praecepta
2311 910 2451 959 non
2502 908 2808 983 quaerunt
2845 942 2866 961 .
2940 894 3145 965 Plane
3188 948 3213 983 ,

199 983 416 1075 inquit
471 984 804 1069 Catulu8‚
858 982 1192 1054 affentior.

301 1087 462 1173 Age
515 1104 668 1151 vero
707 1138 728 1171 ‚
777 1083 996 1174 inquit
1045 1086 1377 1153 Antonius
1415 1138 1438 1173 ‚
1505 1082 1718 1179 qualis
1768 1088 2052 1153 oratoris
2090 1138 2114 1173 ‚
2196 1090 2267 1157 &
2324 1093 2555 1179 quanti
2626 1094 2922 1165 hominis
2990 1098 3061 1165 in
3110 1098 3207 1167 di..

201 1184 414 1253 cendo
473 1200 666 1275 putas
718 1186 838 1255 effe
891 1184 1228 1255 historiam
1282 1185 1596 1257 scribere?
1650 1186 1716 1253 Si
1759 1241 1780 1275 ,
1829 1204 1906 1255 ut
1958 1188 2174 1255 Graeci
2231 1186 2626 1277 scripserunt
2670 1244 2692 1279 ,
2748 1195 2991 1265 fiimmi
3028 1252 3050 1285 ‚
3104 1202 3203 1267 in-

199 1290 344 1377 quit
393 1287 722 1359 catulus.-
780 1288 872 1373 fi,
921 1304 993 1355 ut
1049 1286 1291 1375 nostri,
1341 1287 1507 1357 nihil
1564 1310 1724 1377 opus
1773 1286 1866 1354 est
1917 1308 2176 1361 oratore
2216 1336 2233 1355 .
2289 1290 2456 1357 satis
2507 1290 2599 1359 est
2652 1316 2791 1361 non
2838 1300 2961 1363 effe
3016 1318 3207 1367 men-

200 1388 480 1459 dacem.
538 1388 794 1479 Atqui,
843 1406 928 1455 ne
979 1391 1232 1459 nostros
1283 1404 1676 1459 contemnas
1717 1440 1740 1475 ‚
1788 1393 2004 1481 inquit
2059 1392 2443 1479 AntoniuS‚
2495 1396 2711 1461 Graeci
2764 1396 2879 1485 ipsi
2937 1396 3031 1465 sie·
3074 1399 3203 1467 ini-

202 1490 296 1556 tio
349 1488 808 1577 scriptitarunt
846 1542 870 1575 ‚
923 1499 1123 1580 (16)
1177 1515 1250 1567 ut
1303 1492 1519 1559 noster
1570 1496 1780 1577 Cat0‚
1827 1509 1903 1559 ut
1958 1489 2176 1559 Pistor
2218 1545 2239 1578 ,
2286 1510 2363 1559 ut
2416 1490 2605 1560 Piso.
2660 1498 2818 1562 Erat
2868 1500 3052 1565 enim
3102 1499 3209 1567 hi-

199 1590 404 1657 storia
457 1590 627 1657 nihil
680 1588 859 1662 aliud
899 1642 918 1675 ,
969 1592 1089 1661 nifi
1136 1594 1490 1663 annalium
1539 1592 1872 1663 confestio
1909 1616 1933 1655 .-
2008 1594 2201 1671 cujus
2254 1594 2351 1661 rei
2395 1644 2417 1677 ‚
2471 1598 2935 1687 memoriaeque
2986 1595 3201 1688 publi-

197 1715 288 1758 cae
349 1690 708 1760 retinendae
757 1690 952 1761 causa
991 1746 1012 1779 ‚
1078 1692 1162 1763 ab
1229 1694 1712 1764 initiorerum
1783 1700 2249 1764 Romanarum
2320 1690 2528 1781 usque
2599 1694 2685 1761 ad
2738 1700 2807 1763 P.
2830 1700 3141 1767 Mucium
3182 1752 3205 1789 ,
3300 1754 3307 1761 .

192 1791 588 1881 pontificem
639 1795 1058 1883 maximum,
1107 1816 1210 1863 res
1263 1816 1494 1867 omnes
1543 1796 1964 1887 singulorum
2018 1816 2349 1864 annorum
2400 1793 2755 1865 mandabat
2796 1798 3002 1867 literis
3040 1822 3205 1889 pon-

189 1894 364 1959 tifex
421 1897 762 1962 maximus
801 1948 823 1980 ‚
869 1894 1304 1984 asserebatque
1355 1900 1424 1965 in
1477 1895 1706 1969 album
1746 1950 1767 1985 ‚
1823 1901 1892 1969 δε
1951 1896 2355 1987 proponebat
2404 1892 2699 1966 tabulam
2748 1899 2975 1987 domi,
3024 1917 3200 1989 pote-

198 1991 326 2058 stas
385 2006 463 2056 ut
514 1994 660 2057 effet
711 1996 952 2079 populo
1000 1995 1436 2081 cognoscendi
1476 2048 1498 2080 ‚
1547 2001 1592 2065 ii
1647 2000 1760 2087 qui
1810 2002 2011 2067 etiam
2064 2022 2243 2067 nunc
2294 1998 2593 2066 Annales
2644 2002 2927 2069 maximi
2983 2004 3197 2069 nomi-

195 2106 457 2158 nantur
497 2138 516 2156 .
569 2094 768 2159 Hanc
822 2091 1314 2162 fimilitudinem
1367 2094 1682 2164 scribendi
1731 2099 1930 2165 multi
1983 2098 2187 2166 secuti
2242 2096 2393 2164 sunt
2432 2150 2453 2182 ,
2522 2100 2659 2185 qui‘
2692 2102 2824 2169 fine
2880 2102 3037 2169 ullis
3090 2124 3199 2169 or·
3306 2117 3319 2129 ⁸

197 2191 542 2261 namentis
597 2212 1038 2261 monumenta
1094 2191 1308 2263 solum
1361 2196 1732 2281 temporum
1774 2191 1826 2281 ,'
1861 2196 2215 2263 hominum
2254 2248 2279 2281 ,
2326 2197 2626 2263 locorum
2664 2248 2685 2283 ,
2740 2200 3201 2288 gestarumque

201 2310 440 2357 rerum
491 2290 938 2380 reliquerunt.
991 2299 1225 2383 Itaque
1275 2296 1494 2385 qualis
1539 2296 1712 2383 apud
1763 2300 2027 2365 Graecos
2061 2304 2245 2386 (17)
2297 2293 2751 2383 Pherecydes,
2805 2304 2971 2386 (18)
3028 2300 3193 2369 Hel-

204 2394 467 2461 lanicus
507 2443 528 2473 ,
597 2402 796 2483 (19)
847 2395 1155 2463 Acusilas
1187 2397 1338 2464 'fuit
1383 2448 1402 2482 ‚
1467 2396 1706 2485 aliique
1757 2396 2132 2485 permultiq
2204 2394 2361 2463 talis
2412 2392 2625 2464 noster
2674 2400 2843 2465 Cato
2888 2449 2909 2483 ,
2963 2401 3033 2467 &
3092 2401 3199 2466 Pi-

201 2492 388 2580 stor,
449 2494 518 2561 ὅ(
575 2492 764 2579 Piso,
815 2496 927 2584 qui
977 2518 1190 2587 neque
1240 2510 1468 2567 tenent
1519 2495 1755 2585 quibus
1811 2496 2004 2565 rebus
2056 2512 2337 2563 ornetur
2388 2497 2644 2581 oratio,
2699 2496 2961 2586 (modo
3005 2500 3193 2569 enim

197 2594 334 2663 huc
387 2590 512 2659 ista
567 2592 714 2663 sunt
766 2598 1162 2687 importata)
1238 2603 1308 2669 &
1352 2654 1374 2686 ‚
1421 2596 1581 2665 dum
1631 2597 2046 2687 intelligatur
2096 2596 2261 2687 quid
2310 2594 2535 2664 dicant
2574 2648 2595 2683 ,
2664 2619 2877 2665 unam
2929 2598 3195 2667 dicendi

199 2694 472 2761 landem
527 2713 760 2785 putant
812 2700 930 2766 esse
970 2751 990 2786 ‚
1061 2698 1440 2769 brevitatem
1479 2746 1496 2763 .
1572 2698 1936 2767 Paululum
1990 2694 2054 2765 se
2103 2698 2319 2767 erexit
2366 2746 2389 2781 ‚
2471 2699 2540 2767 &
2616 2696 2865 2765 addidit
2916 2698 3201 2768 historiae

196 2798 526 2873 majorem
579 2796 820 2869 sonum
875 2802 1056 2867 vocis
1110 2803 1212 2867 vir
1257 2800 1595 2893 optimus,
1643 2798 1842 2867 Craffi
1897 2798 2243 2868 familiaris
2284 2847 2307 2882 ‚
2360 2806 2502 2882 (ιο
2532 2808 2557 2883 )
2612 2798 3008 2887 Antipater.
3062 2806 3197 2870 Cae-

197 2900 316 2966 teri
372 2919 514 2967 non
562 2916 998 2969 exornatores
1049 2922 1324 2987 rerum,
1371 2901 1484 2969 sed
1538 2898 1998 2967 tantummodo
2049 2915 2432 2966 narratores
2488 2898 2795 2967 fuerunt.

299 3002 510 3067 XIII..
551 2998 661 3068 Est
696 3054 720 3089 ,
767 3004 984 3093 inquit
1034 3002 1314 3072 Catulus
1353 3056 1376 3091 ‚
1425 3019 1504 3071 ut
1555 3000 1720 3070 dicis
1749 3050 1764 3069 .
1821 2998 1946 3071 Sed
1993 2994 2110 3068 iste
2159 2996 2294 3088 ipse
2346 2997 2584 3071 Caelius
2634 3020 2849 3092 neque
2898 2998 3196 3070 distinxit

203 3100 542 3170 historiam
597 3112 800 3190 (ιι)
857 3105 1168 3172 varietate
1222 3106 1582 3192 locorum3
1631 3122 1844 3194 neque
1897 3100 2247 3172 verborum
2296 3100 2730 3172 collocatione
2776 3156 2799 3190 ‚
2848 3104 2921 3175 δι
2977 3102 3197 3173 tra-stu

201 3203 526 3268 orationis
581 3203 712 3265 leni
767 3205 836 3270 &
890 3205 1194 3292 aequabili
1247 3207 1590 3296 perpolivit
1644 3205 1812 3273 illud
1863 3227 2068 3291 opus;
2122 3201 2232 3272 sed
2286 3223 2365 3270 ut
2414 3203 2622 3272 homo
2674 3225 2889 3296 neque
2924 3203 3201 3293 doetus,

203 3317 424 3388 neque
476 3301 774 3367 maxime
828 3319 1022 3390 aptus
1079 3301 1158 3368 ad
1212 3305 1568 3370 dicendum
1607 3351 1632 3388 ,
1676 3303 1840 3371 ficut
1891 3305 2100 3392 potuit
2132 3353 2156 3388 ‚
2205 3301 2453 3371 dolavit
2504 3328 2523 3368 ι
2571 3304 2735 3372 vicit
2788 3321 3012 3372 tamen
3050 3357 3073 3391 ,
3122 3323 3203 3374 ut

202 3399 422 3483 dicis,
473 3395 882 3487 superiores.

309 3501 600 3568 Minime
651 3499 902 3568 mirum
943 3551 968 3587 ,
1035 3501 1250 3585 inquit
1301 3501 1635 3571 Antonius
1671 3552 1693 3588 ‚
1765 3501 1812 3566 si
1859 3499 1976 3566 ista
2023 3517 2128 3568 tes
2184 3497 2400 3568 adhuc
2468 3497 2687 3568 nostra
2756 3497 2993 3586 lingua
3048 3502 3203 3570 illu„-

408 3603 662 3668 Tom.1.
2238 3601 2303 3666 X
2908 3595 3106 3668 strata

191 3777 3179 3854 m

277 3943 306 4002 <
333 3939 444 4008 161)
480 3945 558 3999 Ut
592 3938 767 4008 noster
798 3946 971 4003 Cato,
1007 3951 1078 3992 ut
1121 3937 1332 4002 Pistor,
1375 3950 1446 3992 ut
1473 3932 1638 4006 Peso)

203 4010 298 4068 De
337 4010 528 4082 quibus
565 4010 627 4068 in
667 4011 868 4068 Bruto.
1480 4074 1494 4086 .

277 4085 430 4146 (17)
470 4081 828 4144 Pheret-ides)
877 4077 1236 4139 Atheniensis
1295 4075 1586 4134 historicus
1622 4117 1638 4142 ,

199 4151 332 4210 alius
365 4170 395 4208 a
431 4149 752 4220 Pherecyde
798 4151 994 4221 Scyrio
1043 4149 1352 4222 antiquiore
1377 4187 1394 4215 ‚
1443 4145 1642 4228 phyli-

205 4245 268 4280 co
293 4263 308 4290 ,
339 4227 395 4280 ὃ(
432 4221 703 4296 theologo
737 4263 755 4288 ‚
806 4219 1091 4280 historiam
1145 4221 1350 4294 primus
1385 4237 1640 4298 oratio-ne

200 4294 438 4352 numeris
470 4293 646 4352 solnta
669 4291 918 4366 scriplit,
957 4291 1152 4358 Darii,
1193 4289 1598 4362 Hystaspisfilii
1627 4329 1644 4356 ,

199 4366 846 4496 ἶὲῗῖῗῖὢὲἰῒεῖῗὲἒῗ
883 4364 1098 4494 ἓίῗῑᾞὲι
1130 4363 1274 4506 ‘233²
1305 4360 1644 4502 ἓέξῗὲἷῗὲζ

410 4478 424 4494 ·
1119 4475 1137 4501 s

199 4509 356 4566 scunt
397 4507 740 4580 Pherecydem
789 4505 1082 4566 historicos
1113 4547 1130 4572 ‚
1167 4505 1409 4576 graviter
1464 4521 1642 4560 errare

203 4579 518 4638 observavit
571 4581 806 4650 Scaliger
835 4619 852 4644 ‚
907 4585 962 4635 ὅ(
1001 4579 1146 4636 reste
1199 4578 1396 4650 probat
1429 4569 1644 4631 Voffius

205 4653 294 4708 lib.
334 4671 410 4709 iv.
447 4652 524 4709 de
561 4650 836 4710 historicis
871 4651 1084 4708 Graecis
1119 4667 1236 4720 cap.
1271 4651 1328 4720 ᾖ.
1369 4647 1549 4704 Idem.

275 4730 429 4790 (18)
466 4724 848 4787 Hellanicus)
885 4720 1162 4780 Hellanici
1197 4719 1307 4777 duo
1343 4715 1502 4776 sunt.
1539 4714 1648 4775 Al·

209 4811 288 4851 ter
326 4795 682 4865 Mitylenaeus
703 4835 720 4858 ,
755 4791 870 4850 five
909 4794 1156 4872 Lesbius,
1191 4787 1418 4870 lcripfit·
1443 4788 1512 4847 de
1545 4807 1646 4844 an-

207 4865 512 4936 tiquiffimis
547 4865 798 4935 gentium
836 4865 1174 4938 principibus
1205 4903 1221 4930 ‚
1258 4869 1314 4922 δε
1351 4862 1450 4919 alia
1487 4879 1646 4934 quam

208 4936 439 5007 plurima
481 4977 497 4992 .
552 4935 900 4994 Herodotum
948 4935 1104 4994 annis
1154 4933 1445 4992 duodecim
1497 4949 1644 5006 prae-

211 5005 388 5072 ceffit,
429 5023 490 5064 ut
527 5023 594 5063 ex
631 5003 908 5080 Pamphila
946 5005 1110 5066 refert
1145 5006 1368 5066 Gellius
1413 5006 1512 5062 lib.
1547 5022 1648 5062 xv.

213 5095 324 5156 cap.
361 5097 562 5136 xxiii.
597 5075 838 5152 adeoque
875 5096 1028 5137 natus
1063 5077 1142 5136 est
1179 5097 1330 5136 anno
1371 5076 1646 5148 100lym-

215 5147 403 5224 piadis,
434 5147 588 5209 lxxi.
639 5169 742 5212 nec
792 5147 899 5212 nifi
935 5149 1214 5224 octoginta
1248 5147 1488 5224 quinque
1521 5145 1648 5223 1³0st

1739 3929 1901 3988 annis
1951 3930 2094 3988 obiit
2119 3971 2137 3996 ‚
2202 3949 2261 3988 ut
2299 3929 2523 3988 testatur
2576 3930 2838 3988 Lucianus
2874 3929 2937 3988 in
2977 3934 3193 3990 Macro-

1741 4003 1886 4060 biis.
1941 4005 2102 4060 Alter
2157 3999 2401 4060 Milefius
2462 3997 2565 4080 fuit
2601 4039 2615 4054 .
2674 4002 2760 4058 De
2821 4018 3053 4074 utroque
3091 4001 3189 4062 suo

1739 4093 1896 4132 more
1933 4070 2142 4130 Voffius
2177 4071 2393 4130 erudite
2430 4069 2637 4128 dilierit
2666 4108 2683 4127 .
2714 4071 2903 4128 Idem.

1811 4152 1839 4211 <
1851 4165 1928 4216 90
1949 4152 1979 4212 )
2019 4141 2283 4220 Acusilas
2311 4151 2341 4210 )
2370 4143 2635 4221 ‘Argivus
2687 4141 2979 4202 historicus
3014 4167 3031 4202 ε
3070 4163 3189 4218 quae

1745 4217 1930 4274 vincia
1965 4217 2209 4274 numeris
2244 4233 2497 4274 oratione
2534 4211 2841 4280 Hesiodus,
2878 4213 3066 4273 eadem
3104 4214 3199 4276 so-

1746 4289 1858 4346 luta
1895 4285 2156 4360 ieripfits
2190 4305 2277 4345 aut
2314 4285 2497 4359 potius
2532 4283 2692 4364 hujus
2742 4285 2983 4344 carmina
3020 4287 3193 4360 pede-

1743 4360 1910 4417 strem
1965 4359 2025 4416 in
2079 4356 2389 4417 sermonem
2440 4355 2715 4414 transtulit
2747 4398 2766 4423 ,
2834 4359 2893 4414 δε
2946 4376 3197 4431 tanquam

1743 4430 1834 4488 sua
1887 4429 2066 4488 edidit
2099 4469 2116 4494 ,
2175 4449 2235 4487 ut
2286 4429 2445 4486 docet
2482 4429 2747 4486 Clemens
2780 4429 3197 4489 Alexandrinus

1743 4501 1846 4560 lib.
1888 4521 1981 4560 vi.
2014 4502 2342 4559 stromatum
2375 4538 2391 4555 .
2449 4498 2612 4559 Paulo
2646 4514 2775 4554 ante
2812 4497 3091 4559 Persarum
3130 4502 3193 4560 in

1743 4575 1972 4631 Graeeos
2005 4571 2425 4644 expeditionem
2464 4611 2482 4638 ,
2545 4567 2657 4648 hoc
2690 4567 2769 4626 est
2798 4609 2817 4634 ,
2849 4569 3189 4644 Olympiade

1742 4646 1964 4704 circiter
2001 4645 2162 4700 lxxii
2185 4685 2200 4700 .
2247 4641 2441 4702 vixiffe
2476 4641 2649 4700 tradit
2686 4639 2959 4715 josephus
3002 4645 3101 4703 lib.
3142 4663 3191 4700 ι.

1743 4735 1934 4775 contra
1971 4715 2290 4788 Apionem.
2322 4713 2506 4772 Idem.

1815 4793 1979 4855 (ιο)
2013 4793 2371 4862 Antipater)
2408 4787 2479 4844 In
2518 4785 2691 4842 Bruto
2715 4824 2733 4850 ,
2762 4805 2810 4842 c.
2848 4796 2939 4844 26.
3114 4851 3125 4863 .

1817 4865 1929 4926 (ιι
1955 4867 1984 4926 )
2035 4866 2315 4916 Varietate
2364 4857 2603 4916 locorum
2638 4861 2665 4920 )
2716 4855 2787 4915 Id
2840 4855 2919 4914 est
2944 4895 2963 4922 ,
3013 4872 3195 4923 regio-

1746 4951 1910 4992 num:
1949 4935 2006 4988 &
2047 4933 2120 4988 m
2157 4931 2364 4989 Cicero
2404 4929 2465 4985 in
2502 4946 2618 4998 cap.
2653 4921 2938 5006 sequenti,
2974 4940 3095 4980 curn
3120 4922 3195 4978 de

1747 5003 2006 5064 Historiae
2047 5001 2251 5073 legibus
2288 4999 2463 5058 sermo
2496 4999 2605 5063 est,
2643 4997 2781 5057 dicit
2810 5037 2827 5061 ‚
2856 5005 3059 5054 Rerum
3094 5013 3195 5049 ra-

1747 5081 1824 5132 tio
1875 5075 2120 5133 ordinem
2175 5083 2473 5150 temporum
2536 5065 2807 5142 desiderat
2838 5105 2859 5134 ‚
2912 5068 3195 5136 regionum

1753 5145 2195 5220 descriptionem.
2227 5147 2471 5208 Petreius
2491 5176 2510 5199 .
