4359 6321
1328 507 1512 597 na
2052 463 3371 590 DEoRAToRE

1196 618 1509 711 prosunt,
1566 618 1638 687 δε
1696 619 2041 707 celeritas,
2094 622 2162 691 &
2223 617 2419 687 breve
2468 612 2741 705 aliquod
2791 609 3044 683 dietum
3097 628 3222 683 nec
3279 612 3413 682 fine
3463 610 3840 702 dignitate,
3892 614 3966 688 δε
4027 640 4198 693 cum

1203 724 1419 811 lepore
1454 769 1470 786 .
1542 716 1729 785 Nihil
1795 720 1977 787 enim
2030 738 2168 787 tam
2222 717 2419 787 facile
2453 768 2476 803 ,
2542 734 2748 807 quam
2800 712 3165 782 multitudo
3208 766 3229 801 ,
3303 732 3342 780 a
3393 713 3712 801 tristitia,
3767 718 3839 785 δε
3900 718 4056 808 saepe
4111 724 4198 793 ab

1202 824 1593 907 acerbitate,
1648 820 2039 907 commode,
2086 841 2163 889 ac
2219 818 2541 904 breviter,
2597 819 2668 889 &
2729 828 2964 900 acute,
3019 817 3090 885 δε
3143 814 3360 883 hilare
3411 814 3588 883 dieto
3634 813 4028 889 deducitur.

1302 924 1685 993 LXXXIV.
1754 920 2041 1017 Exposui
2095 920 2230 991 fere
2267 972 2288 1005 ,
2358 934 2434 989 nt
2487 917 2729 1008 potui,
2799 912 3032 1002 vobis,
3083 914 3151 981 in
3196 930 3482 1005 utroque
3532 936 3778 1006 genere
3833 919 4203 995 causarum

1202 1048 1344 1115 quae
1398 1024 1577 1112 sequi
1634 1021 1968 1107 solerem,
2034 1042 2176 1110 quae
2230 1020 2524 1109 fugere,
2572 1041 2714 1109 quae
2760 1012 3052 1103 Γροᾶειτο
3094 1066 3115 1101 ,
3184 1034 3446 1107 quaque
3520 1019 3801 1087 omnino
3852 1020 3924 1087 in
3977 1028 4206 1095 caulis

1203 1127 1451 1191 ratione
1524 1122 1763 1189 versari
1804 1172 1821 1187 .
1892 1074 2063 1191 N’ec
2084 1119 2252 1190 illud
2285 1123 2578 1196 tertium
2647 1116 3110 1184 laudationum
3181 1137 3398 1205 genus
3467 1117 3562 1189 est
3609 1117 3875 1189 difficile
3918 1175 3940 1208 ‚
4013 1126 4204 1215 quod

1200 1248 1329 1314 ego
1380 1225 1566 1291 initio
1618 1222 1798 1310 quast
1866 1242 1905 1289 a
1980 1222 2310 1310 praeceptis
2381 1220 2613 1288 nostris
2689 1216 3148 1285 secrevetam.
3227 1215 3335 1285 sed
3411 1219 3482 1288 δε
3559 1221 3716 1311 quia
3767 1222 3982 1291 multa
4035 1226 4200 1296 sunt

1202 1328 1581 1411 orationum
1650 1345 1890 1411 genera
1932 1373 1956 1408 ,
2022 1326 2097 1393 δι
2152 1322 2457 1409 graviora
2500 1371 2521 1405 ‚
2595 1322 2663 1389 δε
2738 1317 3009 1394 majoris
3061 1319 3302 1406 cop'iae,
3371 1318 3450 1386 de
3501 1319 3740 1409 quibus
3787 1345 3994 1393 nemo
4053 1328 4200 1398 fere

1202 1428 1572 1515 ptaeciperet
1610 1476 1631 1509 ‚
1702 1426 1773 1494 ὃ(
1828 1422 2006 1513 quod
2060 1444 2181 1489 nos
2231 1418 2720 1489 laudationibus
2791 1440 2922 1487 non
2977 1420 3067 1485 ita
3123 1420 3414 1487 multum
3465 1422 3564 1488 uti
3637 1422 4040 1515 soleremu5‚
4095 1446 4196 1497 to·

1202 1544 1353 1594 tum
1402 1528 1581 1593 hunc
1636 1522 2063 1611 segregabam
2120 1523 2380 1591 locum.
2437 1521 2558 1611 lpfi
2609 1522 2794 1589 enim
2845 1523 3060 1588 Graeci
3115 1521 3418 1610 legendi;
3475 1524 3586 1612 qui
3639 1526 3855 1615 magis
3906 1545 4028 1595 aut
4079 1528 4196 1598 de-

1202 1626 1607 1706 lcetationis,
1657 1624 2095 1720 aut-“hominis
2144 1624 2427 1703 alicuius
2476 1622 2800 1708 ornandi,
2847 1640 3050 1711 quam
3101 1622 3401 1690 utilitatis
3444 1622 3646 1702 hujus
3697 1624 3982 1700 forenfis
4033 1650 4194 1700 cau-

1206 1723 1317 1811 sa,
1368 1723 1783 1793 laudationes
1842 1724 2388 1816 ,scriptitaverunt
2425 1748 2450 1787 .·
2522 1746 2816 1815 quorum
2874 1721 3023 1790 fimt
3084 1722 3304 1812 librig,
3370 1725 3606 1813 quibus
3659 1725 4194 1821 Themistocles,

1208 1824 1521 1892 Aristides
1560 1879 1582 1910 ,
1633 1826 1984 1915 Agefilaus
2028 1878 2049 1915 ‚
2098 1824 2588 1918 Epaminondas
2625 1879 2646 1912 ,
2699 1824 3084 1911 Philippus,
3135 1824 3564 1913 Alexander,
3611 1827 3858 1918 aliique
3908 1828 4192 1903 laudan-

1212 1944 1323 2005 tut·
1368 1972 1383 1991 .
1457 1925 1699 1995 Nosttae
1750 1927 2159 1998 laudationes
2189 1981 2211 2012 ‚
2263 1926 2498 2015 quibus
2553 1928 2623 1994 in
2677 1926 2826 1993 foro
2876 1924 3177 2010 utimur,
3223 1940 3337 1995 aut
3389 1924 3747 1995 testimonii
3793 1927 4192 2003 brevitatem

1208 2024 1447 2097 habent
1520 2029 1773 2095 nudam
1822 2044 2017 2117 atque
2078 2031 2460 2096 inornatam
2501 2078 2520 2111 ,
2589 2042 2705 2095 aut
2755 2022 3128 2093 stribuntur
3195 2022 3276 2093 ad
3327 2026 3676 2099 funebrem
3745 2034 4186 2119 concionem,

1210 2151 1353 2217 quae
1424 2126 1509 2195 ad
1558 2132 1879 2197 orationis
1926 2129 2196 2197 laudem
2278 2128 2554 2197 minime
2623 2124 3124 2195 accommodata
3173 2125 3267 2195 est
3303 2175 3320 2191 .
3374 2127 3496 2197 Sed
3545 2144 3812 2216 tamen,
3861 2134 4172 2221 quoniam

1210 2228 1305 2297 est
1355 2229 1679 2297 utendum
1731 2232 2133 2320 aliquando,
2183 2248 2667 2317 nonnunquam
2711 2228 2920 2299 etiam
2975 2224 3388 2297 scribendum
3427 2280 3448 2315 ,
3501 2230 3688 2301 velut
3739 2234 3822 2314 Q
3875 2227 4174 2298 Tubero-

1211 2330 1283 2401 ni
1332 2327 1737 2399 Africanum
1814 2332 2234 2403 avunculum
2300 2326 2605 2399 laudanti
2661 2327 2905 2417 sctipfit
2971 2333 3047 2396 C·
3102 2329 3349 2398 Laelius
3385 2382 3405 2418 ,
3460 2332 3564 2399 vel
3613 2347 3689 2399 ut
3735 2329 4110 2417 nosmetipsi
4159 2382 4191 2417 ‚

1210 2430 1483 2495 ornandi
1532 2430 1774 2519 causa,
1822 2437 2213 2502 Gra-corum
2264 2449 2493 2518 more,
2544 2430 2594 2499 fl
2647 2450 2813 2521 quos
2867 2428 3191 2520 velimus,
3241 2429 3518 2501 laudare
3569 2428 3867 2523 poffimus
3911 2457 3936 2521 ·,
4007 2430 4094 2497 fit
4147 2448 4190 2500 a

1214 2528 1402 2599 nobis
1450 2553 1717 2621 quoque
1772 2533 2097 2603 trastatus
2146 2534 2206 2601 is
2256 2531 2483 2601 locus·

1314 2633 1735 2719 Perspicuum
1786 2633 1879 2701 est
1928 2636 2177 2725 igitur,
2230 2634 2356 2701 alia
2405 2631 2525 2699 effe
2579 2632 2646 2699 in
2695 2628 2968 2700 homine
3015 2630 3300 2720 optanda
3341 2684 3364 2719 ,
3414 2633 3545 2701 alia
3595 2630 3936 2705 laudanda
3989 2695 4012 2718 ‚
4061 2634 4192 2701 Ge-

1216 2752 1389 2816 nus,
1438 2732 1693 2820 forma,
1744 2736 1917 2802 vires
1958 2787 1979 2820 ,
2027 2756 2188 2825 opes
2224 2787 2244 2821 ,
2291 2732 2580 2819 divitiae,
2633 2750 2992 2823 caeteraque
3048 2754 3192 2823 quae
3241 2733 3507 2803 fortuna
3557 2731 3711 2819 det,
3765 2750 3892 2803 aut
3939 2734 4192 2801 extrin-

1216 2830 1399 2900 secus
1436 2883 1461 2918 ,
1527 2850 1641 2900 aut
1710 2835 2030 2922 corpori,
2096 2858 2232 2904 non
2288 2834 2526 2903 habent
2577 2836 2646 2901 in
2701 2834 2766 2901 se
2821 2854 3048 2903 veram
3119 2832 3427 2921 laudem,·
3483 2854 3626 2923 quae
3679 2834 3910 2903 deberi
3965 2832 4194 2903 uirtuti

1214 2934 1335 3001 uni
1385 2951 1686 3023 putatur;
1745 2935 1855 3001 sed
1908 2950 2132 3007 tamen
2183 2934 2361 3027 quod
2421 2933 2556 3023 ipsa
2608 2935 2822 3002 virtus
2873 2936 2942 3003 in
2991 2953 3222 3001 earum
3271 2953 3498 3000 retum
3547 2931 3671 3005 usu
3747 2954 3826 3003 ac
3877 2936 4192 3003 modera-

1214 3033 1394 3100 tione
1446 3036 1744 3103 maxime
1794 3040 2091 3107 cetnitur
2136 3090 2156 3121 ,
2225 3035 2562 3104 traetanda
2607 3037 2812 3103 etiam
2861 3039 2933 3104 in
3003 3032 3480 3103 laudationibus
3531 3034 3670 3103 haec
3726 3035 3882 3103 sunt
3935 3052 4198 3105 natura

1216 3135 1289 3205 δε
1346 3132 1620 3205 fortunae
1674 3135 1889 3204 bona:
1942 3140 2010 3206 in
2064 3136 2304 3228 quibus
2355 3136 2446 3208 est
2500 3136 2760 3206 summa
2809 3135 2998 3224 laus,
3049 3158 3182 3204 non
3233 3133 3530 3205 extuliffe
3582 3132 3654 3203 se
3701 3138 3773 3205 in
3823 3135 4202 3230 potestate,-

1214 3256 1349 3305 non
1405 3237 1587 3307 fuiffe
1636 3237 2023 3307 inlolentem
2092 3241 2165 3309 in
2217 3240 2499 3328 pecunia
2535 3290 2558 3325 ‚
2629 3259 2764 3306 non
2817 3237 2882 3305 se
2932 3237 3274 3327 praetuliffe
3325 3235 3472 3304 aliis
3543 3255 3804 3328 propter
3855 3237 4197 3311 abundan-

1143 3322 1163 3349 ⁸
1214 3336 1377 3407 tiam
1430 3337 1767 3408 fortunat·
1744 3366 1768 3427 3
1838 3355 1915 3405 ut
1964 3359 2121 3428 opes
2175 3343 2246 3410 δί
2319 3340 2514 3429 copiae
2567 3361 2702 3409 non
2757 3338 3068 3428 superbiae
3137 3339 3493 3407 videantur
3567 3358 3648 3408 ac
3719 3337 4026 3442 libidini,
4079 3335 4201 3408 sed

1218 3435 1494 3508 bonitati
1548 3461 1623 3509 ac
1678 3441 2106 3510 moderationi
2160 3439 2558 3510 facultatem
2609 3443 2680 3511 δε
2739 3443 3092 3509 materiam
3147 3437 3428 3508 dediffe.

1314 3537 1548 3612 Virtus
1618 3557 1882 3625 autem,
1930 3563 2073 3632 quae
2122 3541 2214 3610 est
2265 3560 2377 3630 pet·
2447 3538 2511 3609 se
2564 3540 2698 3630 ipsa
2749 3540 3092 3611 laudabilis
3131 3593 3154 3628 ,
3205 3542 3279 3609 &t
3337 3539 3473 3609 fine
3523 3559 3648 3629 qua
3701 3538 3864 3606 nihil
3921 3533 4206 3606 laudari

1212 3636 1413 3724 potest
1456 3693 1477 3724 ,
1542 3657 1763 3710 tamen
1834 3641 2025 3710 habet
2098 3643 2322 3731 plures
2391 3657 2607 3729 partes
2644 3694 2666 3728 ,
2735 3663 3026 3734 quarum
3095 3641 3228 3708 alia
3281 3639 3374 3709 est
3424 3639 3553 3707 alia
3602 3638 3681 3706 ad
3733 3635 4204 3709 laudationem

1212 3735 1423 3825 aptior
1464 3785 1479 3803 .
1552 3745 1718 3808 Sunt
1768 3742 1947 3808 enim
2016 3741 2157 3811 aliae
2211 3743 2488 3810 virtutes
2526 3793 2549 3827 ,
2593 3764 2738 3832 quae
2793 3744 3099 3818 videntur
3151 3743 3223 3808 in
3275 3739 3568 3809 moribus
3615 3739 3968 3808 hominum
4021 3791 4044 3826 ‚
4099 3742 4208 3809 a&

1210 3834 1495 3925 quadam
1546 3841 1855 3909 comitate
1908 3862 1984 3912 ac
2035 3841 2465 3910 beneficentia
2517 3843 2764 3930 politae:
2822 3847 3009 3932 aliae,
3060 3866 3204 3933 quae
3257 3845 3323 3912 in
3385 3841 3634 3932 ingenii
3685 3841 3914 3932 aliqua
3973 3839 4196 3907 facul-

1215 3952 1355 4006 tate
1385 3991 1406 4026 ,
1456 3959 1571 4014 aut
1622 3941 1825 4009 animi
1876 3942 2344 4032 magnitudine
2397 3963 2472 4008 ac
2524 3940 2795 4012 robore.
2854 3945 3032 4014 Nam
3082 3944 3484 4029 clementia,
3537 3939 3778 4022 justitia
3817 3995 3839 4030 ,
3891 3940 4198 4028 benigni-

1208 4053 1351 4125 1:28,
1402 4040 1607 4132 fides,
1660 4042 1981 4112 fortitudo
2049 4046 2115 4109 in
2167 4043 2476 4130 periculis
2523 4043 2994 4114 communibus
3063 4044 3352 4126 jucunda
3397 4043 3498 4112 e'st
3539 4043 3778 4115 auditu
3831 4046 3902 4113 in
3960 4039 4204 4110 landa-

1208 4139 1492 4212 tionibus
1532 4191 1550 4211 .
1622 4145 1879 4220 Omnes
1946 4144 2148 4240 enim·
2198 4144 2298 4212 hae
2367 4143 2640 4213 virtutes
2709 4167 2846 4214 non
2898 4164 3038 4218 tam
3087 4145 3236 4236 ipfis
3278 4197 3298 4231 ‚
3349 4145 3468 4237 qui
3515 4163 3628 4213 eas
3675 4147 3738 4212 in
3792 4144 3856 4211 ie
3901 4143 4206 4227 habent,

1209 4263 1411 4330 qnam
1482 4246 1707 4332 generi
1776 4244 2135 4312 hominum
2164 4297 2189 4332 ,
2259 4243 2601 4315 fruunosae
2653 4261 2975 4334 putantur
3013 4299 3031 4318 .
3081 4249 3417 4336 Sapientia
3469 4248 3542 4315 δε
3598 4246 3994 4337 magnitudo
4055 4243 4208 4310 ani·
4319 4265 4321 4334 j

1207 4345 1349 4424 mi,
1402 4365 1532 4432 qua
1602 4365 1835 4413 omnes
1888 4365 1993 4414 res
2042 4346 2410 4432 humanae,
2459 4364 2690 4418 tenues
2747 4351 2819 4418 δε
2875 4371 2998 4440 pto
3051 4349 3259 4418 nihilo
3331 4362 3693 4436 putantur,
3681 4375 3696 4390 ·
3754 4351 3825 4418 &
3884 4348 3954 4412 in
3999 4363 4208 4411 aco-
4319 4437 4321 4440 Α

1210 4440 1491 4530 gitando
1548 4446 1649 4510 vis
1700 4441 2004 4537 quaedam
2055 4448 2346 4539 ingenii,
2399 4450 2466 4518 dt
2517 4450 2648 4568 ipsa
2697 4449 3116 4541 eloquentia,
3167 4449 3620 4517 admirationis
3641 4446 3842 4516 habet
3891 4469 4031 4516 non
4077 4442 4208 4512 mi·
4319 4455 4321 4502 ῑ

1212 4560 1379 4626 ηαδ,
1428 4541 1855 4619 jucunditatis
1912 4550 2173 4619 minus·
2229 4548 2410 4636 Ipsos
2457 4553 2640 4618 enim
2689 4554 2912 4640 magis
2963 4553 3274 4634 videtur,
3327 4569 3492 4638 quos
3541 4549 3944 4637 laudamus,
3993 4565 4204 4637 quam

1210 4639 1423 4725 illos,
1488 4641 1661 4728 apud
1707 4667 1879 4733 quos
1930 4647 2348 4733 laudamus,
2397 4669 2634 4718 ornare
2685 4670 2762 4718 ac
2811 4653 2984 4721 tueri
3029 4674 3051 4714 .·
3109 4649 3216 4720 sed
3265 4666 3491 4718 tamen
3541 4651 3610 4717 in
3667 4651 4006 4724 laudando
4061 4649 4210 4728 jun-

1208 4742 1429 4830 genda
1500 4740 1651 4808 sunt
1720 4747 1921 4812 etiam
1992 4747 2133 4816 haec
2204 4700 2448 4836 gen’era
2520 4751 2847 4820 virtutum
2887 4799 2908 4820 .
2983 4753 3240 4820 Ferunt
3308 4751 3492 4820 enim
3563 4773 3758 4822 aures
3807 4751 4202 4832 hominum,

1204 4863 1364 4961 cum
1414 4839 1592 5011 illal,
1657 4863 1809 5012 ἓιιε
1863 4846 2155 4925 iucunda
2212 4850 2285 4919 δε
2345 4867 2532 4940 grata
2572 4905 2593 4938 ,
2661 4869 2811 4922 tum
2863 4853 3068 4922 etiam
3119 4851 3239 4922 illa
3283 4903 3305 4940 ‚
3352 4875 3497 4945 quae
3545 4853 3875 4924 mirabilia
3924 4851 4082 4923 sunt
4133 4849 4201 4915 in

1206 4959 1489 5034 mitte,
1570 4965 1654 5012 au
1706 4947 1805 5016 ati
1836 4996 1851 5014 .
2619 4973 2626 4980 ·

1308 5049 1671 5146 Lxxxv.2
1730 5050 1807 5116 Et
1915 5049 2231 5142 quoniam
2305 5052 2717 5144 lingularum
2787 5059 3122 5127 virtutum
3193 5054 3348 5127 sunt
3403 5077 3584 5136 certa
3637 5057 3948 5151 quaedam
3997 5049 4210 5126 officia

4030 5175 4109 5224 ac
