4359 6321
836 452 1513 544 LIBER
1578 414 2674 549 SECUNDUS·
2949 486 3134 583 197

278 594 411 644 nec
447 572 671 662 Napucl
682 568 1012 658 populum
1062 571 1332 659 gravior
1383 570 1652 656 oratio,
1716 588 1921 660 qvam
1974 571 2173 649 huius
2223 584 2426 666 (71)
2494 590 2724 647 contra
2793 578 3140 671 collegam
3177 584 3260 653 in

276 674 589 747 censura-
610 691 821 761 nuper
854 722 879 757 ,
903 690 1145 762 neque
1192 669 1407 759 lepore
1460 669 1534 739 δι
1590 666 1939 739 festivitate
1986 676 2370 749 conditior.
2432 682 2659 764 Qare
2705 676 2880 767 tibi,
2929 684 3186 753 Antoni
3237 737 3260 771 ,

274 791 637 865 utrumque
686 772 1043 856 affentior,
1115 771 1189 853 δι,
1238 770 1541 843 multum
1590 772 1863 841 facetias
1910 774 1981 839 in
2031 773 2313 849 dicendo
2357 780 2642 870 prodesse
2709 778 2872 869 saepe
2907 833 2932 868 ,
2997 784 3072 853 ὃς
3141 803 3260 851 eas

278 892 453 943 artes
502 876 707 945 nullo
755 872 953 943 modo
1002 870 1171 961 posse
1218 871 1426 941 tradi.
1485 873 1555 943 &
1612 872 1782 941 illud
1834 874 2099 991 quichm
2149 874 2489 968 admiror,
2545 896 2617 951 ιιι
2667 881 2852 951 nobis
2905 886 2974 953 in
3011 903 3094 953 eo
3141 903 3256 972 ge·

270 994 437 1045 nere
490 974 771 1047 tribuiffe
818 986 1088 1046 tantum
1121 1024 1147 1059 ‚
1216 976 1289 1043 δι
1342 993 1479 1041 ιιοιι
1526 974 1725 1054 huius
1776 975 1875 1042 rei
1920 998 2187 1069 quoque
2239 981 2538 1069 palmam
2579 1032 2604 1067 ,
2661 999 2748 1054 ut
2791 1002 3186 1055 caeterarum
3238 1038 3258 1071 ,

271 1076 493 1144 Crass'o
540 1075 880 1147 detuliffe.
2747 1144 2756 1151 .

376 1179 561 1245 Tum
615 1178 949 1249 Antonius
992 1228 1014 1263 ,
1084 1178 1231 1265 Ego
1280 1193 1441 1243 vero
1488 1175 1581 1243 ita
1630 1172 1933 1247 fecissem
1972 1232 1995 1265 ,
2062 1181 2274 1271 inquit
2317 1234 2340 1267 ,
2407 1182 2531 1251 nili
2599 1184 2958 1251 interdum.
3001 1186 3072 1251 in
3121 1187 3252 1256 hoc

270 1278 515 1349 Crasso
540 1279 843 1367 paulum
893 1277 1319 1347 inviderem.
1370 1282 1553 1347 Nam
1600 1278 1735 1347 esse
1784 1283 2090 1369 quamvis
2146 1282 2437 1353 facetum
2487 1300 2681 1375 atque
2732 1283 2980 1351 salsum
3026 1337 3050 1371 ,
3121 1308 3256 1353 non

270 1381 473 1453 nimis
517 1380 638 1449 est
666 1402 781 1470 per
830 1379 1115 1470 seipsum
1150 1376 1665 1449 invidendum:
1716 1377 1887 1467 fied,
1932 1404 2101 1451 cum
2139 1386 2454 1453 omnium
2504 1384 2581 1453 fis
2637 1383 3118 1453 venustiffimus
3177 1389 3248 1455 &

268 1482 777 1571 urbaniffimus,
789 1484 1125 1553 omnium
1162 1478 1627 1573 graviffimum
1674 1482 1747 1553 ὅτ.
1792 1480 2267 1555 severiffimum
2308 1488 2376 1555 &
2414 1484 2600 1572 esse,
2651 1488 2722 1559 ὅτ.
2771 1485 3022 1571 videri,
3073 1486 3254 1627 quod

268 1584 369 1653 isti
419 1586 697 1675 contigit
750 1586 911 1671 uni,
957 1585 1029 1653 id
1076 1582 1245 1652 mihi
1294 1582 1409 1651 vix
1462 1580 1821 1655 ferendum
1870 1585 2567 1655 videbatur..
2987 1642 2993 1649 .
3249 1620 3256 1627 ·

276 1720 285 1727 ·
375 1689 509 1755 Hic
556 1706 719 1755 cum
766 1638 1075 1755 arri’fisset
1122 1683 1289 1775 ipse
1282 1680 1637 1769 crassus,
1686 1688 2065 1773 Attamen,
2115 1686 2332 1779 inquit
2383 1684 2776 1770 Antonius,
2821 1708 2982 1755 cum
3034 1648 3256 1755 artem

268 1785 415 1853 esse
468 1788 919 1875 facetiarum,
964 1786 1170 1872 Juli,
1212 1804 1535 1873 negares,
1580 1786 1885 1876 aperuisti
1938 1788 2318 1878 quiddam,
2367 1788 2542 1878 quod
2593 1786 3102 1877 praecipiendum
3153 1790 3258 1855 vi·

268 1884 543 1953 deretur
589 1934 611 1953 .
661 1888 907 1955 Haberi
958 1892 1147 1955 enim
1190 1884 1403 1951 dixisti
1436 1887 1783 1957 ,rationem
1830 1907 2135 1977 oportere
2183 1891 2540 1959 hominum
2587 1942 2612 1976 ,
2657 1892 2754 1959 rei
2787 1922 2832 1975 ·,
2878 1889 3192 1977 temporis
3227 1941 3252 1976 ,

274 2003 363 2053 ne
432 1987 589 2075 quid
658 1989 847 2066 jocus
912 1986 995 2056 de
1047 1985 1381 2075 gravitate
1434 1986 1873 2077 decerperet,
1944 1991 2125 2081 quod
2170 1987 2573 2080 quidem-in
2623 1991 2852 2079 primis
2924 2012 2964 2057 a
3011 1988 3252 2059 Crasso

274 2082 607 2155 observari
654 2087 819 2157 lolet
857 2137 877 2156 ,.
948 2088 1071 2157 Sed
1122 2087 1247 2155 hoc
1300 2102 1699 2173 praeceptum
1748 2090 2386 2175 pretermittendum
2433 2089 2530 2157 est
2579 2090 2974 2159 facetiarum
3025 2143 3048 2175 ,
3091 2108 3254 2159 cum

269 2181 375 2249 his
422 2186 595 2254 nihil
645 2210 812 2276 opus
868 2187 987 2257 fit:
1036 2205 1158 2256 nos
1210 2200 1435 2256 autem
1484 2188 1827 2277 quomodo
1874 2206 2192 2275 utamur,
2239 2211 2396 2259 cum
2447 2210 2614 2277 opus
2662 2190 2778 2277 fit,
2833 2191 3252 2280 quaerimu53

268 2299 347 2353 ut
396 2284 467 2353 in
516 2287 1026 2373 adversarium,
1094 2290 1167 2357 ὅ(
1220 2289 1515 2357 maxime
1552 2334 1573 2371 ,
1622 2288 1669 2357 fi
1720 2290 1863 2368 eius
1916 2290 2188 2362 stultitia
2235 2290 2464 2380 poterit
2537 2290 2770 2379 agitari
2806 2340 2830 2376 ,
2899 2291 2968 2357 in
3020 2286 3258 2369 testem

268 2382 999 2479 stultum„cupidum,
1050 2390 1317 2472 levem,
1366 2387 1413 2453 fi
1464 2387 1661 2455 facile
1708 2388 2021 2461 homines
2072 2391 2366 2461 audituri
2405 2389 2844 2461 videbuntur.

372 2490 677 2559 Omnino
726 2489 1165 2582 probabiliora
1214 2486 1363 2559 finnt
1408 2540 1437 2573 ,
1494 2510 1641 2578 quae
1688 2487 1953 2561 lacessiti
2016 2492 2309 2561 dicimus
2343 2544 2366 2578 ,
2437 2512 2669 2582 quam.
2707 2514 2852 2582 quat
2923 2492 3170 2581 priores
3221 2512 3250 2555 .-

270 2607 431 2655 nam
484 2594 557 2661 δι
610 2595 867 2683 ingenii
914 2591 1215 2668 celeritas
1264 2590 1489 2668 maior
1533 2586 1627 2656 est
1666 2640 1689 2675 ‚
1752 2613 1897 2680 quae
1944 2609 2214 2681 apparet
2281 2596 2352 2661 in
2399 2592 2850 2680 respondendo
2891 2642 2924 2678 ,
2979 2594 3056 2661 δι
3127 2591 3256 2661 hu·-

269 2692 611 2762 manitatis
657 2692 749 2761 est
796 2692 1161 2783 responlio.
1214 2690 1533 2759 videmur
1584 2692 1765 2759 enim
1816 2693 2101 2780 quieturi
2152 2692 2359 2765 fuisse
2393 2746 2416 2778 ,
2481 2694 2604 2761 nifi
2651 2685 2940 2763 essemus
3009 2690 3254 2759 lacelli-

268 2790 377 2879 ιίι·
414 2808 491 2861 ιιι
542 2796 615 2863 in
664 2793 783 2863 ista
832 2794 969 2883 ipsa
1016 2793 1339 2861 concione
1386 2791 1561 2861 nihil
1612 2791 1749 2861 fere
1798 2792 2057 2863 dictum
2092 2794 2198 2864 'est
2247 2793 2328 2861 ab
2376 2794 2546 2881 hoc,
2595 2796 2776 2884 quod
2823 2792 3096 2884 quidem
3147 2792 3256 2858 fa·-

266 2891 483 2963 cetius
524 2894 783 2965 distum
834 2898 1223 2981 videretur,
1268 2892 1442 2986 quod
1493 2914 1629 2961 non
1682 2911 2095 2981 provocatus·
2131 2894 2575 2985 responderit.
2629 2900 2788 2965 Erat
2841 2913 3060 2962 autem
3103 2908 3256 2959 tana

264 3006 337 3057 ta
386 2997 674 3083 gravitas
724 3002 799 3067 in
850 2998 1206 3079 Domitio,
1248 3010 1433 3065 tanta
1479 2994 1835 3066 austeritas
1870 3048 1900 3082 ,
1958 3013 2096 3083 ut,
2146 2997 2326 3088 quod
2372 2996 2536 3067 esset
2587 2996 2670 3065 ab
2713 3020 2804 3067 eo
2847 2994 3176 3076 objectum
3228 3036 3260 3080 ,-

194 3094 201 3101 ’
263 3092 483 3186 lepore
533 3100 765 3187 magis
801 3098 1257 3181 elevandum,
1304 3102 1507 3185 quam·
1560 3097 1973 3168 contentione
2024 3096 2479 3189 frangendum
2533 3099 2914 3168 videretur.

368 3199 591 3262 LVII
637 3202 835 3284 Tum
882 3197 1269 3286 Sulpicius,
1340 3194 1525 3278 Quid
1574 3199 1843 3283 igitur?
1898 3200 2174 3288 inquit,
2239 3201 2627 3287 patiemur,
2697 3201 3030 3268 Caesarem
3066 3248 3086 3284 ,
3133 3195 3252 3286 qui

272 3313 661 3381 quanquam
704 3295 939 3362 Crasso
994 3295 1263 3364 facietas
1316 3296 1674 3378 concedit,
1743 3315 1971 3364 tamen
2020 3302 2244 3364 multo
2309 3300 2377 3363 in
2424 3321 2513 3366 eo
2577 3297 2788 3365 studio
2835 3300 3048 3384 magis
3119 3297 3253 3380 ipse

272 3391 610 3482 elaborat,
656 3417 791 3463 non
838 3396 1167 3483 explicare
1210 3407 1431 3460 totum
1480 3391 1667 3458 nobis
1719 3415 1938 3480 genus
1983 3396 2111 3462 hoc
2158 3396 2492 3480 jocandi,
2556 3396 2752 3483 quale
2805 3395 2948 3478 sit,
2997 3396 3068 3462 δι
3121 3414 3253 3458 ιιιι-

198 3515 203 3521 ·
272 3492 357 3560 de
406 3494 736 3565 ducatur·
720 3549 740 3584 ,
812 3496 1170 3584 praesertim
1233 3513 1396 3560 cum
1448 3505 1705 3559 tantam
1756 3493 1899 3559 vim
1951 3498 2021 3564 &
2077 3495 2436 3562 utilitatem
2503 3494 2652 3560 salis
2725 3496 2794 3564 δι
2871 3489 3256 3561 urbanitatis

266 3593 409 3662 esse
461 3601 555 3686 (ἰ
584 3609 611 3684 J
668 3597 1000 3666 fateatur?
1058 3595 1238 3680 Quid
1292 3593 1337 3660 fi
1360 3594 1643 3684 ,inquit
1692 3576 1976 3683 Julius,
2020 3591 2332 3663 assentior
2387 3595 2746 3680 Antonio,
2809 3593 3048 3662 dicenti
3099 3589 3256 3657 nul-

268 3695 410 3762 lam
462 3698 603 3768 esse
649 3715 859 3768 artem
915 3699 1115 3766 salis?

372 3801 509 3867 Hic
558 3823 715 3870 cum
764 3801 1089 3890 Sulpicius
1139 3798 1567 3881 reticuisset,
1636 3795 1837 3882 Quali
1891 3819 2055 3866 vero
2089 3798 2371 3886 ,inquit
2421 3797 2744 3883 Crassus
2787 3795 3036 3863 horum
3081 3789 3252 3882 ipso-

270 3921 487 3988 rum,
554 3903 641 3970 de
705 3899 942 3992 quibus
988 3903 1323 3968 Antonius
1374 3897 1636 3963 tamdiu
1686 3897 2040 4004 loqu·,itur·
2090 3919 2204 3966 ars
2253 3897 2394 3966 ulla
2443 3900 2578 3984 fit,
2629 3897 3012 3967 Observatio
3077 3915 3254 3984 qua-

268 4001 423 4068 dam
476 4003 628 4088 est,
660 4021 751 4076 ιιι
802 4000 932 4091 ipse
982 4000 1203 4086 dixit,
1244 4020 1477 4068 earum
1531 4018 1809 4083 rerum,
1851 4019 1993 4087 quae
2046 4005 2123 4068 in
2166 3998 2453 4070 dicendo
2499 3994 2768 4068 valent.-
2823 4021 2968 4088 quae
3019 3996 3066 4064 fi
3115 3995 3250 4062 elo·

266 4119 545 4192 quentes
596 4105 811 4172 facere
860 4103 1083 4191 poffit,
1131 4101 1285 4191 quis
1327 4100 1497 4170 estet
1549 4121 1689 4168 non
1736 4099 2111 4190 eloquens?
2158 4104 2334 4186 Quis
2383 4103 2566 4170 enim
2615 4101 2752 4170 haec
2805 4101 2914 4168 vel
2965 4119 3104 4168 non
3152 4096 3256 4163 fa-

269 4206 445 4290 cile,
502 4205 611 4272 vel
664 4221 841 4272 certe
896 4207 1119 4294 aliquo
1170 4201 1370 4271 modo
1422 4201 1634 4290 posset
1684 4200 1972 4270 ediscere
2007 4204 2041 4268 ἓ
2096 4204 2400 4294 Sed-ego
2444 4203 2516 4270 in
2563 4202 2674 4270 his
2720 4198 3250 4291 praeceptishanc

272 4307 456 4392 vim,
504 4309 573 4374 &
634 4307 807 4373 hanc
862 4304 1219 4373 utilitatem
1266 4302 1399 4370 esse
1450 4300 1728 4370 arbitror
1764 4355 1793 4388 ,
1852 4325 1993 4372 ιιοιι
2044 4319 2120 4370 ιιι
2172 4303 2260 4372 ad
2313 4301 2772 4392 reperiendum
2804 4351 2828 4388 ,
2873 4299 3030 4391 quid
3079 4299 3254 4366 dIca-

268 4427 467 4493 mus,
520 4425 659 4475 arte
711 4405 1085 4494 ducamur,
1136 4401 1243 4472 sed
1294 4419 1373 4470 ut
1421 4422 1541 4489 ea,
1587 4426 1731 4493 quae
1782 4419 2064 4488 natura,
2108 4427 2253 4496 quae
2303 4405 2550 4488 studio,
2597 4400 2738 4492 quae
2785 4401 3256 4472 exercitatione

191 4538 202 4547 ·
268 4507 735 4601 consequimur
772 4561 797 4597 ,
864 4525 979 4576 aut
1032 4505 1209 4576 reeta
1260 4503 1399 4576 esse
1447 4505 1869 4578 confidamus
1903 4557 1928 4592 ,
1995 4523 2113 4575 aut
2176 4526 2388 4597 parva
2453 4503 2910 4594 intelligamus
2947 4557 2972 4592 ,
3019 4521 3181 4572 cum
3228 4551 3256 4588 ,

3017 4621 3152 4696 quo

346 4989 507 5050 (71)
548 4989 758 5042 Contra
778 4982 1091 5052 collegam)
1123 4977 1463 5042 Domitium.
1491 4979 1565 5039 In
1578 4979 1727 5040 Bru·
1820 4979 2014 5107 Μελ)
2050 4987 2327 5038 Fateatur
2359 4983 2389 5044 )
2441 4975 2588 5034 vict.
2640 4971 2793 5029 Man·
2842 4971 3011 5030 Grut.
3051 4961 3258 5036 futura·

274 5075 309 5113 e
354 5099 367 5122 ,
412 5075 531 5129 cap.
570 5077 659 5126 44.
1818 5110 1824 5114 .
