4359 6321
1292 540 1342 605 2
1360 506 1475 633 58
2020 504 2111 592 D
2171 496 2257 589 Ε
2381 498 2454 585 0
2510 490 2600 585 R
2659 486 2774 584 A
2826 492 2913 583 T
2971 492 3044 579 0
3103 489 3193 586 R
3253 488 3340 580 E

1165 644 1423 725 genus,
1474 626 1650 720 quod
1699 623 1788 693 e'st
1840 616 2248 713 temporibus
2285 666 2308 705 ‚
2375 611 2535 683 locis
2574 666 2596 698 ‚
2645 611 2770 681 reis
2819 609 3210 697 definitum,
3260 606 3553 695 obtinet,
3607 622 3808 702 atque
3856 612 4164 708 'idipsum

1172 733 1413 804 lacinia
1466 736 1701 816 (56).
1757 730 1957 793 Nunc
2007 722 2196 789 enim
2251 716 2427 810 apud
2481 713 2869 801 Philonem,
2917 734 3116 807 quem
3170 713 3243 781 in
3296 705 3661 780 Academia
3703 716 4003 786 maxime
4054 725 4170 791 vi-

1175 856 1329 927 gere
1398 832 1597 903 audio
1633 882 1655 916 ‚
1722 828 1929 897 etiam
2012 822 2274 893 harum,
2350 819 2484 901 jam
2555 814 2908 887 causarum
2977 811 3268 904 cognitio
3328 813 3936 909 ‚exercitatioque
3975 823 4164 893 cele..

1176 937 1399 1005 bratur
1434 981 1449 998 .
1523 930 1833 998 Alterum
1904 947 2063 997 vero
2129 918 2595 993 tantummodo
2659 920 2731 987 in
2815 917 3027 1005 prima
3096 930 3234 983 arte
3301 912 3625 984 tradenda
3720 920 4080 992 nominant
4141 978 4172 1013 ,

1175 1041 1245 1108 &
1302 1034 1581 1103 oratoris
1628 1032 1747 1099 effe
1795 1029 2029 1101 dicunt
2066 1049 2091 1091 .·
2165 1023 2271 1093 sed
2339 1041 2556 1113 neque
2607 1020 2746 1089 vim
2783 1068 2806 1103 ,
2874 1037 3091 1107 neque
3159 1032 3475 1087 naturam
3541 1019 3692 1100 ejus
3729 1070 3752 1105 ‚
3826 1042 3950 1093 nec
4011 1044 4170 1115 par.

1174 1154 1273 1207 tes
1310 1154 1359 1223 ‚·
1418 1158 1539 1205 nec
1608 1152 1848 1225 genera
1917 1142 2354 1221 proponunt3
2427 1138 2502 1191 ut
2567 1117 2882 1210 praeteriri
2951 1120 3226 1187 omnino
3313 1118 3514 1189 fuerit
3605 1122 3808 1191 satius
3859 1177 3884 1213 ,
3951 1144 4170 1215 quam

1176 1253 1575 1306 attentatum
1630 1234 1841 1303 deseri
1892 1277 1909 1299 .
1968 1234 2166 1299 Nunc
2216 1226 2395 1295 enirn
2447 1224 2660 1313 inopia
2728 1220 3000 1291 reticere
3067 1220 3540 1313 intelliguntur
3583 1275 3606 1311 ,
3679 1239 3829 1294 tum
3903 1224 4164 1304 iudicio

1178 1337 1594 1408 viderentur.

1278 1442 1531 1507 XXIX.
1582 1436 1822 1503 Omnis
1874 1432 2078 1520 igitur
2126 1450 2232 1499 res
2281 1424 2560 1499 eandem
2611 1420 2808 1494 habet
2861 1437 3175 1492 naturam
3205 1421 3634 1517 ambigendi,
3683 1424 3770 1497 de
3807 1446 3944 1521 qua
3987 1452 4170 1523 quae·

1086 1587 1092 1594 -
1176 1540 1235 1609 ri
1287 1544 1356 1609 &
1414 1540 1749 1627 disceptari
1802 1532 2041 1619 potest,
2090 1530 2222 1599 five
2271 1530 2342 1596 in
2392 1525 2671 1596 infinitis
2721 1524 3314 1595 consultationibus
3365 1527 3766 1619 disceptatur
3814 1582 3837 1617 ,
3889 1530 4033 1601 five
4082 1538 4164 1603 in

1178 1643 1264 1711 iis
1314 1640 1567 1721 causis,
1613 1658 1757 1725 quae
1803 1635 1874 1699 in
1924 1630 2237 1718 civitate,
2288 1631 2360 1702 δε
2414 1630 2484 1696 in
2539 1628 2778 1697 forenfi
2829 1625 3296 1715 disceptatione
3335 1628 3688 1702 versantur
3717 1655 3742 1695 .·
3800 1651 4024 1724 neque
4069 1632 4167 1703 est

1176 1740 1357 1824 ulla,
1406 1759 1549 1827 quae
1600 1757 1737 1805 non
1791 1748 1905 1802 aut
1956 1734 2041 1804 ad
2090 1728 2581 1823 cognoscendi,
2627 1747 2746 1797 aut
2797 1727 2880 1796 ad
2928 1729 3168 1817 agendi
3225 1729 3365 1798 vim
3406 1731 3866 1823 rationemque
3911 1734 4168 1803 refera-

1180 1856 1323 1908 tur.
1375 1844 1555 1906 Nam
1602 1854 1717 1907 aut
1768 1834 1904 1926 ipsa
1950 1836 2248 1929 cognitio
2297 1834 2452 1915 rei,
2518 1829 2917 1920 scientiaque
2966 1830 3417 1921 perquiritur,
3467 1850 3595 1921 ut,
3643 1836 3880 1903 Virtus
3933 1833 4164 1905 suam-

1180 1964 1266 2011 ne
1315 1958 1571 2030 propter
1622 1938 2023 2029 dignitatem
2067 1991 2087 2025 ,
2158 1958 2242 2003 an
2294 1948 2562 2026 propter
2613 1930 2870 1999 fruetus
2923 1930 3179 2020 aliquos
3253 1948 3610 2024 expetatur
3649 1958 3672 2001 ι
3739 1950 3855 2007 aut
3909 1936 4164 2027 agendi

1180 2042 1525 2111 confilium
1594 2043 2013 2130 exquiritur,
2064 2051 2141 2108 ut
2179 2090 2202 2124 ,
2249 2038 2432 2104 Sitne
2501 2030 2770 2121 sapienti
2823 2031 3207 2121 capeffenda
3279 2035 3692 2124 respublica.
3739 2038 4160 2127 Cognitionis

1184 2160 1411 2210 autem
1475 2159 1605 2210 tres
1671 2142 1919 2229 modi,
1986 2139 2378 2219 conjeaura
2415 2186 2438 2221 ,
2507 2132 2799 2202 definitio
2833 2184 2854 2219 ,
2925 2134 2999 2203 ὃ(
3025 2186 3046 2220 ,
3121 2152 3194 2201 ut
3265 2137 3360 2204 ita
3425 2136 3684 2224 dicam,
3731 2138 4168 2208 consecutio.

1182 2248 1410 2329 Nam,
1456 2244 1613 2335 quid
1663 2244 1731 2311 in
1782 2265 1855 2311 re
1905 2242 2025 2328 fit,
2075 2216 2468 2324 conjettura'
2507 2236 2855 2324 quaeritur:
2911 2251 2985 2303 ut
3041 2233 3250 2324 illud,
3301 2238 3479 2305 Sitne
3531 2242 3602 2307 in
3649 2238 3948 2308 humano
4029 2258 4164 2327 ge-

1180 2365 1341 2413 nere
1390 2344 1736 2434 sapientia.
1795 2349 2021 2428 Quam
2077 2356 2301 2409 autem
2351 2338 2494 2407 vim
2530 2357 2800 2428 quaeque
2849 2356 2951 2406 res
2989 2334 3264 2426 habeat,
3317 2340 3609 2409 definitio
3641 2338 3976 2429 explicat.-
4036 2354 4172 2427 ut,

1186 2446 1235 2513 fi
1284 2463 1617 2539 quaeratur
1656 2498 1678 2533 ,
1745 2444 1904 2535 quid
1954 2444 2033 2511 fit
2088 2443 2397 2533 sapientia
2438 2485 2455 2506 .
2524 2438 2935 2527 Consecutioj
2989 2454 3217 2507 autem
3281 2440 3593 2510 tractatur
3627 2494 3654 2531 ,
3727 2460 3939 2525 cum,
3993 2438 4172 2527 quit}

1180 2568 1519 2639 quamque
1567 2566 1711 2614 rem
1764 2546 2068 2638 sequatur
2106 2598 2129 2633 ,
2196 2540 2602 2635 inquiritur.-
2658 2556 2735 2607 ut
2783 2538 2996 2628 illud,
3043 2540 3225 2611 Sitne
3275 2541 3634 2633 aliquando
3681 2538 3958 2611 mentiri
4007 2537 4166 2608 boni

1186 2668 1351 2715 vlrl'.

1290 2745 1590 2816 Redeunt
1639 2746 1867 2817 rursus
1920 2746 2002 2815 ad
2051 2742 2507 2825 coniecturam
2549 2794 2570 2829 ,
2621 2762 2902 2833 eamque
2952 2744 3023 2812 in
3075 2746 3392 2836 quatuor'
3409 2764 3660 2834 genera
3709 2742 4098 2833 dispertiunt
4135 2792 4158 2811 .

1184 2852 1365 2917 Nam
1416 2864 1531 2914 aut
1582 2846 1735 2939 quid
1798 2850 1874 2916 fit
1912 2900 1934 2935 ,
2000 2848 2308 2937 quaeritur
2348 2898 2370 2932 ,
2421 2843 2548 2911 hoc
2605 2842 2838 2911 modo:
2891 2848 3226 2915 Naturane
3294 2846 3372 2915 fit
3424 2846 3530 2927 ius
3581 2845 3754 2915 inter
3806 2846 4158 2935 homines¹

1187 2968 1273 3016 an
1324 2948 1777 3037 opinionibus.
1832 2954 2021 3034 Aut,
2068 2970 2214 3039 quae
2270 2946 2346 3014 fit
2401 2945 2592 3034 origo
2636 2944 2959 3035 cuiusque
3008 2952 3148 3017 rei.-
3203 2968 3276 3015 ut
3320 2999 3343 3034 ‚
3391 2946 3567 3041 quod
3619 2949 3696 3017 fit
3747 2946 4022 3017 initium
4071 2948 4160 3017 le-

1185 3066 1395 3141 gum,
1445 3066 1556 3116 aut
1604 3071 1834 3118 rerum
1886 3048 2358 3140 publicarum.·
2399 3052 2543 3112 Aut
2587 3044 2783 3115 causa
2837 3050 2909 3117 &
2966 3052 3176 3119 ratio:
3232 3066 3345 3137 ut,
3399 3050 3445 3120 s1
3495 3066 3834 3141 quaeratur
3882 3070 4002 3120 cut
4051 3048 4167 3117 do·

1184 3150 1441 3223 &iffimi
1490 3148 1793 3220 homines
1842 3152 1924 3219 de
1976 3148 2299 3218 maximis
2352 3146 2542 3216 rebus
2598 3148 3008 3237 diffent-iant,
3058 3154 3200 3221 Aut
3247 3152 3330 3220 de
3378 3154 3894 3222 immutatione.-
3947 3167 4062 3239 ut,
4111 3146 4166 3222 fi

1182 3251 1542 3342 disputetur
1582 3305 1603 3340 ,
1653 3273 1820 3326 num
1872 3255 2143 3321 interire
2193 3253 2407 3322 virtus
2464 3251 2535 3317 in
2583 3249 2860 3322 homine
2897 3305 2920 3341 ,
2985 3269 3101 3322 aut
3153 3274 3323 3323 num
3366 3255 3440 3323 in
3489 3255 3730 3324 vitium
3776 3251 3962 3346 poffit
4009 3275 4168 3324 con·-

1186 3357 1387 3423 vetti.
2509 3369 2515 3376 ·

1288 3453 1706 3523 Definitionis
1760 3471 1983 3525 autem
2056 3453 2205 3524 sunt
2259 3451 2794 3543 disceptationes,
2869 3473 2987 3543 ut,
3041 3479 3199 3528 cum
3253 3456 3566 3550 quaeritur
3609 3467 3810 3550 (57)
3865 3455 4036 3548 quid
4089 3454 4170 3524 in

1186 3557 1535 3624 communi
1585 3574 1814 3626 mente
1864 3557 2047 3648 quast
2116 3555 2494 3645 imprefl‘um
2541 3554 2620 3624 fit
2657 3577 2682 3620 .·
2771 3573 2890 3644 ut,
2941 3558 2988 3625 fi
3039 3559 3418 3648 disseratur,
3471 3559 3616 3628 idne
3661 3557 3734 3626 fit
3783 3559 3923 3642 jus,
3977 3555 4176 3647 quod

1188 3658 1501 3752 maxima:
1550 3655 1729 3745 parti·
1770 3658 1844 3724 fit
1894 3657 2102 3729 utile.
2154 3663 2344 3745 Aut,
2389 3679 2550 3727 cum
2603 3658 2760 3749 quid
2811 3657 3128 3750 cujusque
3184 3660 3259 3728 fit
3311 3663 3687 3751 proprium,
3729 3659 4160 3750 exquiritur.-

1190 3772 1265 3822 ut
1333 3771 1558 3823 ornate
1627 3755 1845 3828 dicere
1882 3811 1903 3845 ,
1978 3761 2404 3850 propriumne
2455 3759 2534 3826 fit
2591 3762 2876 3829 oratoris
2921 3814 2944 3850 ,
3013 3781 3102 3828 an
3160 3762 3228 3830 id
3279 3763 3485 3831 etiam
3561 3761 3798 3851 aliquis
3851 3778 4168 3851 praeterea

1188 3855 1406 3943 possit.
1459 3858 1624 3943 Aut,
1694 3879 1851 3926 curn
1904 3879 2005 3929 res
2055 3859 2459 3931 distribuitur
2508 3861 2576 3927 in
2625 3876 2890 3949 partes·.·
2949 3879 3067 3949 ut,
3120 3861 3167 3928 fi
3220 3879 3546 3953 quaeratur
3591 3913 3612 3948 ‚
3662 3878 3822 3954 quot
3875 3861 3998 3929 sint
4046 3883 4160 3950 ge-

1186 3977 1343 4024 nera
1394 3977 1618 4028 rerum
1664 3963 2188 4051 expetendarum
2231 3987 2256 4050 ‚-
2327 3977 2447 4050 ut,
2500 3961 2713 4032 fintne
2764 3963 2894 4032 tria
2934 4016 2955 4051 ‚
3005 3966 3342 4054 corporiS,
3392 3963 3642 4051 animi,
3691 3979 4148 4035 externarum-

3913 4081 4036 4152 que

1185 4271 4164 4320 mm

1258 4442 1415 4516 (56)
1450 4443 1685 4518 lacinia
1720 4448 1747 4508 )
1799 4440 2015 4504 Lacinia
2051 4443 2258 4520 aliquid
2296 4465 2488 4506 tenere
2527 4447 2616 4506 vel
2661 4484 2670 4505 i
2719 4446 2920 4524 speciei
2954 4471 3110 4510 exem
3157 4453 3268 4512 ium
3301 4453 3414 4520 est,
3451 4455 3586 4513 Idne
3600 4453 3674 4526 est
3705 4461 3796 4526 jus
3818 4496 3835 4522 ,
3869 4449 4014 4530 quod
4043 4463 4178 4506 nm.-

1184 4507 1468 4575 obtmere,
1510 4511 1651 4569 idem
1690 4514 1866 4581 vaiet,
1902 4537 1967 4599 ac·
1996 4537 2117 4580 rena
2150 4518 2378 4601 nonnisi
2419 4519 2621 4578 ieviter
2719 4528 2882 4580 xima
2907 4530 3068 4598 parti
3092 4473 3174 4600 lgr
3209 4527 3393 4586 utile?
3433 4525 3671 4586 Secunda
3703 4525 3815 4594 est,
3840 4543 3996 4587 cum,
4035 4519 4176 4593 quid

1186 4595 1376 4638 tenere
1406 4617 1423 4638 .
1471 4579 1683 4666 Ιξὴι-ιιίίε
1716 4585 1903 4644 eadem
1950 4610 2012 4650 m
2044 4591 2226 4650 Plauti
2273 4589 2438 4652 Asin.
2471 4613 2524 4668 3.
2563 4613 2620 4650 2.
2719 4593 2970 4668 cujusque
3006 4595 3071 4654 fit
3109 4599 3430 4672 proprium,
3466 4598 3820 4672 exquiritur:
3861 4593 4017 4672 quod
4043 4593 4171 4674 ,Ci-

1187 4659 1607 4722 41·.1>earcms.
1884 4733 1895 4744 ι
2289 4731 2300 4741 ·
2718 4685 2846 4724 cero
2882 4669 2943 4725 in
2981 4669 3204 4742 Topicis
3243 4689 3400 4730 vocat
3432 4671 3871 4750 proprietatem.
3931 4671 4119 4728 Tertia
4153 4677 4183 4732 ,·

1250 4725 1285 4798 Ι(
1309 4725 1417 4802 57)
1454 4729 1531 4778 Ut
1567 4743 1690 4780 cum
1727 4743 1991 4802 quantur
2021 4735 2053 4796 )
2092 4735 2303 4792 Mutav1
2344 4731 2618 4816 vulgatum
2717 4756 2840 4795 cum
2896 4757 2979 4796 res
3030 4739 3376 4801 distribuitur
3426 4762 3485 4802 tn
3543 4759 3722 4816 partes
3766 4764 3782 4800 ε
3819 4738 3970 4816 quod
4011 4757 4180 4797 vocat

1184 4807 1257 4850 ut
1306 4811 1367 4851 m
1404 4805 1511 4873 αξη*
1543 4833 1562 4859 ,
1610 4811 1711 4865 qua
1746 4801 2054 4882 exempl-uni
2108 4823 2226 4884 non
2281 4799 2564 4872 subytcitur
2603 4846 2623 4872 .
2717 4807 3080 4872 divisionem.
3119 4818 3356 4884 Quarta,
3405 4833 3526 4874 cum
3563 4833 3682 4888 quae
3719 4811 3895 4873 forma
3932 4817 3990 4868 δι
4023 4807 4182 4883 quast

1181 4862 1276 4923 sed
1312 4861 1513 4946 spectes
1548 4864 1791 4948 quaedam
1806 4868 2179 4932 definitionis.
2219 4875 2464 4954 Quattuor
2501 4881 2615 4958 ejus
2717 4883 2972 4940 naturalis
3010 4904 3137 4944 nota
3173 4885 3428 4960 cujusque
3465 4885 3569 4953 fit,
3607 4884 3970 4945 describitur:
4049 4899 4182 4940 uam

1180 4935 1307 5014 sunt
1345 4933 1579 5020 spectes.
1615 4939 1795 4998 Prima
1830 4943 1940 5009 est,
1974 4961 2097 5024 cum
2172 4961 2397 5002 urentur
2429 4986 2449 5012 ,
2480 4949 2614 5021 quid
2716 4971 2879 5012 vocat
2932 4955 3360 5031 descriptionem
3391 5003 3408 5020 .
3463 4959 3638 5020 Vides
3675 4958 3844 5031 igitur
3880 4997 3901 5024 ‚
3937 4957 4020 5015 Le
4075 4975 4182 5021 or,

1178 5027 1253 5086 111,
1274 5028 1549 5092 commum
1590 5029 1773 5094 mepte
1806 5013 2284 5097 quatiimprqsum
2323 5015 2419 5083 sit,
2459 5039 2616 5092 quam
2717 5041 2833 5082 aut
2871 5027 3162 5098 legendum
3201 5029 3314 5089 este
3343 5051 3366 5096 ,-
3423 5031 3568 5108 quod
3605 5027 3962 5106 praeponitur
4003 5029 4182 5089 tribus

1180 5080 1384 5142 Cicero
1435 5105 1495 5146 ιιι
1547 5087 1768 5160 Topicis
1824 5106 1981 5154 vocat
2032 5107 2325 5152 notionem
2355 5130 2374 5160 ,
2411 5095 2468 5150 ἀ
2506 5093 2616 5164 ejus
2722 5099 3011 5173 postremis
3043 5099 3350 5175 speciebus.
3385 5109 3573 5164 Idem.
