4359 6321
928 466 1539 568 LIBER
1663 472 2612 573 TERTMJS.
2987 496 3174 603 29

290 590 519 689 mique
564 608 787 667 tamen
838 589 1013 665 inter
1066 591 1131 661 se
1178 594 1471 678 Zeuxis,
1520 586 1963 685 Aglaophon,
2016 596 2334 686 Apelles.-
2393 622 2608 691 neque
2654 615 2890 670 eorum
2931 605 3043 689 qui
3083 624 3286 694 quam

287 700 434 785 est,
482 696 591 767 cui
646 693 1005 785 quidquam
1060 694 1129 761 in
1200 709 1338 761 arte
1392 692 1507 765 sua
1574 694 1777 765 deeffe
1828 694 2130 765 videatur
2168 742 2186 763 .
2264 699 2348 765 Et
2386 751 2409 787 ‚
2485 702 2530 769 fi
2599 700 2726 771 hoe
2795 699 2866 771 in
2931 698 3037 767 his
3110 702 3294 793 quali

298 798 511 869 mutis
580 790 830 866 artibus
898 792 993 865 est
1064 792 1445 865 mirandum
1484 841 1507 882 ‚
1580 800 1650 871 δι
1722 809 1947 867 tamen
2014 816 2252 867 verum
2287 822 2310 861 .·
2382 817 2632 890 quanto
2697 798 3150 873 admirabilius
3219 805 3293 872 in

286 890 589 968 oratione
636 907 835 986 atque
887 890 973 995 in·
1008 886 1291 985 linguai
1346 912 1493 985 quae
1544 914 1705 971 cum
1754 898 1827 967 in
1876 894 2105 966 iisdem
2158 892 2500 971 sententiis
2553 899 2892 993 verbisque
2945 899 3294 989 versetur,

286 998 590 1071 summas
638 996 831 1065 habet
878 988 1478 1086 diffimilitudines3
1546 1020 1689 1069 non
1739 998 1827 1067 fic
1870 1047 1897 1085 .,
1962 1015 2038 1066 ut
2087 997 2199 1067 alii
2247 1001 2397 1088 (b)
2451 1001 2868 1089 vituperandi
2923 1001 3047 1070 sint
3085 1056 3108 1090 ‚
3183 1003 3290 1073 sed

284 1114 367 1174 ut
416 1100 503 1184 ii,
550 1120 716 1189 quos
766 1090 1017 1168 constet
1067 1096 1191 1167 effe
1242 1090 1607 1167 laudandos
1649 1146 1671 1185 ,
1716 1100 1787 1170 iu
1836 1099 2075 1187 dispari
2126 1115 2354 1169 tamen
2405 1118 2645 1190 genere
2695 1101 3052 1171 laudentur
3089 1147 3108 1171 .
3161 1111 3284 1171 At-

282 1218 421 1291 que
470 1196 537 1268 id
588 1194 879 1287 primum
928 1192 1001 1265 in
1052 1192 1259 1295 poetis
1308 1197 1495 1271 cerni
1546 1196 1746 1285 licet,
1794 1198 2029 1289 quibus
2078 1200 2170 1267 est
2218 1203 2526 1289 proxima
2577 1200 2885 1291 cognatio
2935 1220 3094 1269 cum
3143 1224 3290 1273 ora-

280 1299 579 1384 toribus,
624 1292 831 1394 quam
880 1298 1009 1369 fint
1063 1289 1232 1367 inter
1287 1295 1418 1365 sese
1438 1296 1695 1371 Ennius
1734 1352 1757 1389 ,
1807 1298 2175 1385 Pacuvius,
2227 1296 2602 1391 Acciusque
2651 1300 3026 1372 diffimiles:
3084 1322 3292 1392 quam

280 1400 471 1489 apud
526 1404 835 1487 Graecos,
888 1397 1261 1483 AEschylus
1300 1450 1323 1483 ,
1386 1401 1740 1491 Sophocles
1789 1451 1810 1487 ,
1870 1399 2208 1490 Euripides
2243 1452 2264 1489 ,
2333 1420 2722 1492 quanquam
2786 1400 3094 1472 omnibus
3167 1422 3285 1489 par

282 1518 457 1590 pene
510 1500 655 1569 laus
704 1502 781 1569 in
832 1496 1119 1569 diffimili
1174 1496 1491 1573 scribendi
1540 1520 1781 1592 genere
1828 1500 2194 1571 tribuatur.

288 1666 302 1685 ι
392 1594 685 1689 Aspicite
730 1612 916 1671 nuuc
962 1611 1074 1669 eos
1120 1596 1425 1673 homines
1464 1650 1487 1688 ,
1536 1598 1735 1693 atque
1780 1598 2139 1671 intuemini
2178 1649 2204 1687 ‚
2269 1620 2556 1691 quorum
2601 1596 2684 1669 de
2735 1597 3050 1671 facultate
3099 1624 3274 1693 quae.

276 1703 545 1787 rimus,
592 1698 755 1791 quid
804 1700 1061 1771 interfit
1108 1701 1278 1772 iuter
1350 1719 1695 1778 oratorum
1770 1702 1973 1773 studia
2022 1717 2217 1791 atque
2291 1718 2564 1773 naturas
2602 1748 2627 1771 .,
2691 1702 3104 1771 suavitatem
3155 1703 3292 1770 Isb-

278 1817 505 1870 crates
543 1853 566 1887 ‚
615 1800 1059 1871 subtilitatem.
1109 1800 1343 1885 Lyfias
1382 1854 1439 1888 ,.
1475 1824 1757 1871 acumen
1826 1804 2200 1892 Hyperides
2235 1851 2260 1886 ,
2314 1799 2608 1877 sonitum
2659 1798 3013 1872 AEschines
3059 1850 3084 1889 ‚
3153 1803 3292 1871 vim

282 1902 773 1971 Demosthenes
820 1898 1087 1971 habuit.
1142 1902 1314 1987 Quis
1362 1922 1601 1971 eorum
1652 1924 1786 1971 non
1834 1903 2208 1993 egregius?
2261 1918 2489 1973 tamen
2541 1903 2692 1993 quis
2736 1900 3138 1992 cuiusquam
3165 1903 3286 1971 nifi

280 1997 392 2065 sui
444 2001 673 2073 similis
714 2002 741 2067 ?
794 2005 1234 2071 'Gravitatem
1284 2000 1643 2073 Africanus
1682 2056 1703 2089 ‚
1754 2004 2101 2071 lenitatem
2150 2001 2400 2069 Laelius
2437 2052 2459 2089 ‚
2528 2003 2942 2091 asperitatem
2997 2001 3209 2071 Galba
3261 2052 3286 2089 ‚

275 2096 627 2185 profluens
692 2101 1009 2191 quiddam
1074 2099 1306 2172 habuit
1360 2104 1579 2173 Carbo
1651 2106 1723 2175 δι
1777 2120 2105 2173 canorum
2136 2144 2163 2167 2
2229 2099 2402 2185 Quis
2465 2103 2706 2171 horum
2779 2124 2916 2171 non
2985 2104 3285 2193 princeps

270 2198 701 2286 temporibus
748 2198 892 2270 'illis
942 2201 1125 2271 fuit?
1181 2205 1251 2273 δε
1316 2194 1433 2271 suo
1474 2218 1703 2275 'tamen
1754 2201 2029 2293 quisque
2078 2203 2145 2269 in
2199 2216 2438 2289 genere
2486 2202 2820 2292 princeps,

385 2297 589 2372 Vtut
639 2301 765 2371 Sed
818 2302 977 2391 quid
1042 2322 1171 2389 ego
1242 2320 1459 2375 vetera
1512 2301 1905 2394 conquiram
1940 2354 1965 2389 ,
2032 2322 2194 2373 cum
2245 2299 2411 2371 mihi
2459 2300 2653 2374 liceat
2721 2304 2818 2375 uti
2864 2298 3284 2391 praesentibua

272 2394 615 2491 exemplis
664 2415 861 2491 atque
915 2404 1087 2469 vivis
1111 2406 1145 2467 ,ἒ
1201 2404 1381 2493 Qid
1428 2404 1787 2482 jucundius
1838 2402 2106 2473 auribus
2154 2401 2393 2471 nostris
2447 2420 2746 2495 unquam
2791 2400 3030 2473 accidit
3079 2405 3283 2485 huius

274 2504 579 2590 oratione
629 2498 919 2571 Catuli?
964 2518 1107 2595 quae
1146 2506 1251 2575 est
1300 2523 1469 2593 pura
1523 2502 1651 2589 fic,
1694 2520 1775 2573 ut
1830 2500 2067 2575 Latine
2117 2499 2304 2592 loqui
2355 2524 2522 2591 pene
2574 2504 2748 2575 solus
2793 2502 3135 2573 videatur:
3195 2506 3284 2577 fic

275 2624 513 2680 autem
562 2595 797 2693 gravis
829 2655 853 2689 ‚
898 2617 977 2673 'ut
1020 2602 1099 2673 in
1155 2606 1473 2697 {iugulari
1514 2606 1849 2694 dignitate
1895 2602 2117 2673 omnis
2164 2618 2389 2671 tamen
2439 2601 2602 2673 adiit
2645 2604 3034 2675 humanitas
3087 2625 3163 2673 ac
3192 2608 3287 2675 le-

272 2730 441 2799 pos.
498 2703 681 2787 Quid
727 2704 991 2776 multa?
1048 2704 1245 2773 istum
1298 2702 1577 2777 audiens
1618 2704 1938 2796 equidem
1986 2704 2075 2773 fie
2122 2700 2428 2780 'iudicare
2477 2702 2660 2773 soleo
2693 2752 2716 2788 ,
2781 2702 3097 2793 quidquid
3171 2720 3287 2775 aut

274 2806 611 2876 addideris
656 2857 679 2891 ‚
726 2821 843 2875 aut
898 2809 1263 2874 mutaveris
1298 2857 1321 2894 ,
1398 2822 1515 2873 aut
1566 2802 1935 2889 detraxeris
1972 2852 1995 2889 ,
2060 2798 2370 2873 ‘vitiosius
2417 2807 2488 2875 δε
2536 2804 2834 2875 deterius
2906 2801 3216 2875 futurum
3264 2852 3286 2879 .

274 2905 479 2993 Qid
530 2904 739 2975 noster
790 2904 900 2973 bic
954 2904 1169 2975 Caesar
1215 2907 1241 2973 ?
1296 2927 1525 2978 nonne
1575 2924 1825 2975 novam
1870 2896 2210 2996 quandam
2259 2906 2584 2975 rationem
2633 2900 2855 2973 attulit
2901 2905 3218 2985 orationis
3251 2956 3285 2995 ,

272 3012 354 3081 δι
412 3006 685 3077 dicendi
734 3026 945 3097 genus
998 3006 1261 3075 induxit
1314 3028 1513 3098 prope
1569 3005 1958 3097 fingulare?
2018 3005 2191 3089 Quis
2235 3022 2544 3096 unquam
2592 3022 2746 3093 res,
2795 3006 3272 3096 praeteritum,

266 3110 577 3198 tragicas
617 3126 793 3194 pene
841 3108 1094 3174 comice
1136 3160 1153 3188 ,
1209 3108 1418 3202 tristes
1469 3108 1761 3193 remiffe,
1812 3108 2071 3175 severas
2112 3106 2334 3178 hilare
2361 3158 2384 3195 ,
2435 3104 2722 3177 forenses
2773 3105 3030 3177 scenica
3083 3128 3284 3197 prope

257 3202 625 3277 venustate
664 3203 1021 3276 traam-'itt
1076 3222 1277 3291 atque
1326 3209 1463 3289 ita,
1510 3223 1585 3272 ut
1638 3227 1851 3295 neque
1900 3208 2091 3286 iocus
2162 3207 2628 3294 magnitudine
2675 3222 2902 3274 rerum
2965 3210 3286 3278 exclude·

278 3321 471 3376 retur
492 3356 515 3390 ,
564 3323 685 3372 nec
737 3301 1027 3394 grav'itas
1081 3301 1337 3372 facetiis
1376 3303 1795 3374 minueretur
1836 3307 1862 3370 ἓ
1932 3303 2107 3374 Ecce
2146 3305 2500 3394 ,praesentes
2549 3305 2684 3372 duo
2728 3323 2932 3391 prope
2995 3307 3280 3396 aequales

275 3405 619 3494 Sulpicius
666 3407 737 3476 δι
798 3407 1047 3470 Cottaz
1116 3405 1276 3495 quid
1344 3423 1486 3473 tam
1527 3402 1707 3474 ‘inter
1760 3403 1835 3474 se
1880 3403 2181 3470 diffimile
2221 3404 2258 3464 ἔ
2326 3404 2486 3493 quid
2532 3420 2684 3470 tam
2731 3405 2804 3472 in
2861 3401 2978 3468 suo
3025 3425 3281 3494 genere

276 3505 639 3596 praestans?
692 3507 995 3576 Limatus
1044 3505 1211 3572 alter
1280 3509 1353 3576 δε
1429 3503 1683 3574 subtilis
1735 3555 1756 3589 ,
1816 3522 1961 3570 rem
2020 3501 2371 3591 explicans
2419 3503 2704 3592 propriis
2772 3501 3071 3593 aptisque
3140 3526 3285 3574 ver-

272 3607 421 3694 bis,
468 3607 663 3674 hoeret
710 3609 783 3674 in
836 3602 1035 3674 causa
1088 3606 1335 3694 semper
1372 3627 1396 3673 .·
1450 3608 1520 3676 δε
1573 3657 1596 3691 ,
1664 3603 1821 3696 quid
1870 3603 2071 3683 iudici
2120 3597 2532 3691 probandum
2585 3603 2660 3672 fit
2698 3649 2724 3689 ,
2782 3626 2950 3674 cum
3003 3606 3282 3674 acutifli-

262 3729 393 3776 me
437 3707 653 3794 vidit,
700 3707 940 3775 omiffis
988 3709 1239 3774 caeteris
1286 3708 1707 3796 argumentis
1738 3752 1767 3791 ,
1825 3707 1895 3772 in
1936 3725 2027 3780 eo
2078 3717 2374 3772 mentem
2427 3703 2923 3794 orationemque
2973 3704 3212 3795 defigit
3255 3751 3278 3778 .

264 3808 609 3896 Sulpicius
648 3824 887 3872 autem
930 3805 1285 3882 ‘sortiffimo
1345 3797 1645 3897 quodam
1714 3806 1920 3872 animi
1994 3798 2250 3892 ‘impetu
2295 3855 2318 3889 ,
2382 3801 2741 3892 plen'iffima
2825 3808 2906 3874 ,δε
2980 3807 3282 3876 maxima

276 3929 483 3994 voce,
530 3905 799 3975 :summa
844 3908 1273 3978 contentione
1322 3909 1618 3993 corporis
1656 3956 1677 3992 ,
1730 3903 1803 3976 ’δι
1860 3899 2186 3993 dignitate
2235 3896 2464 3973 motus
2502 3956 2525 3990 ,
2598 3904 2950 3974 verborum
3017 3927 3278 3998 quoque

272 4030 356 4078 ea
409 4009 740 4100 gravitate
782 4008 862 4078 δι
908 3996 1105 4096 copia
1142 4005 1287 4096 est,
1336 4023 1411 4078 ut
1460 4027 1636 4076 unus
1680 4005 1777 4074 ad
1814 4004 2188 4074 dicendum
2231 3995 2764 4076 instrastiffimus
2811 4019 2856 4074 a
2891 4021 3128 4080 natura
3175 4005 3276 4080 es·

276 4109 347 4179 se
402 4111 734 4180 videatur-
2781 4175 2790 4184 .

389 4216 517 4282 IX.
568 4212 672 4280 Ad
724 4207 1146 4302 nosmetipsos
1190 4206 1335 4290 iam
1384 4223 1719 4278 rever-tor.-
1774 4223 1811 4302 (
1858 4203 2179 4302 quoniam
2233 4207 2318 4280 fic
2391 4201 2646 4282 fuimus
2698 4207 2952 4300 {emper
3004 4229 3280 4300 compa.

274 4315 449 4401 rati,
498 4333 575 4383 ut
628 4314 983 4382 hominum
1032 4311 1439 4381 sermonibus
1508 4310 1691 4401 quafi
1743 4310 1814 4378 in
1863 4311 2131 4400 aliquod
2191 4313 2634 4382 ‘contentionis
2705 4303 3032 4390 iudicium
3085 4331 3280 4380 voca-

272 4437 505 4490 remur
560 4425 587 4503 )
660 4415 818 4508 quid
869 4433 1010 4482 tam
1062 4411 1365 4480 diffimile
1406 4464 1429 4500 ‚
1502 4431 1703 4501 quam
1768 4431 1903 4500 ego
1946 4409 2023 4477 in
2075 4405 2354 4480 dicendo
2388 4455 2414 4498 2,
2481 4413 2552 4484 ἀ
2627 4409 2966 4481 Antonius
3011 4414 3048 4474 ,ἒ
3117 4431 3277 4481 cum

272 4520 393 4592 ille
446 4521 501 4586 is
550 4516 629 4583 fit
681 4531 895 4584 orator
924 4535 947 4604 ,·
996 4535 1071 4583 ut
1125 4514 1292 4580 nihil
1346 4534 1427 4582 eo
1474 4511 1657 4602 poflit
1708 4509 1827 4578 effe
1857 4509 2282 4610 ‘praest-antius
2321 4537 2347 4600 ς
2401 4521 2527 4602 ego
2578 4525 2843 4602 autem,
2889 4530 3278 4610 quanquam

273 4636 531 4694 memet
581 4618 713 4687 mei
762 4621 1040 4709 poenitet
1072 4671 1093 4705 ,
1139 4636 1303 4686 cum
1350 4615 1478 4687 hoc
1533 4609 1830 4682 maxime
1876 4625 2101 4680 tamen
2155 4607 2227 4682 in
2273 4613 2768 4702 comparatione
2819 4609 3230 4702 conjungar.

3051 4715 3176 4784 Vi.

344 5053 376 5114 <
399 5047 482 5117 b)
518 5046 651 5106 Alis·
666 5051 697 5115 )
732 5045 911 5107 Lamb.
950 5047 1061 5105 alti
1094 5045 1378 5110 laudande·
1410 5085 1433 5114 ,
1469 4996 1577 5106 ⁶135
1625 5041 1986 5116 vituperanda·
1999 5080 2020 5104 ο
