4359 6321
1238 458 1431 581 248
1990 448 2224 547 DE
2346 442 3300 540 ORAToRE

1222 593 1449 671 Quare
1500 580 1545 647 fi
1596 577 1721 647 hac
1770 576 2142 666 eloquentia
2186 627 2209 660 ,
2277 588 2474 660 atque
2545 570 2668 636 hoc
2720 587 2974 635 oratore
3026 568 3323 638 contenti
3399 562 3626 633 sumus
3665 616 3686 652 ,
3755 570 3875 659 qui
3947 570 4108 645 fciat

1120 706 1233 757 aut
1287 704 1525 774 negare
1572 698 1908 769 oportere,
1960 676 2137 767 quod
2193 692 2473 759 arguare
2515 698 2534 759 ;
2587 690 2698 737 aut
2737 724 2756 757 ,
2809 673 2854 737 fi
2911 673 2973 735 id
3021 692 3155 738 non
3206 664 3408 759 possis
3445 720 3464 752 ‚
3516 683 3666 736 tum
3716 669 4047 745 ostendere
4083 732 4114 767 ,

1117 790 1291 881 quod
1344 789 1397 853 is
1450 786 1675 851 fecerit
1727 835 1748 869 ,
1797 782 1911 870 qui
1960 775 2377 845 insimuletur
2425 826 2446 859 ,
2493 792 2602 841 aut
2659 773 2829 839 recte
2881 772 3134 838 fastum
3175 825 3196 858 ,
3251 786 3365 835 aut
3421 769 3692 837 alterius
3743 774 3935 862 culpa
3991 797 4112 852 aut

1117 890 1399 972 injuria,
1452 902 1562 953 aut
1616 907 1697 953 ex
1758 883 1943 972 lege,
1996 898 2108 947 aut
2164 898 2298 943 non
2350 893 2580 943 contra
2635 875 2856 962 legem
2907 922 2926 956 ,
2977 890 3090 939 aut
3145 870 3591 962 imprudentia
3628 925 3648 957 ,
3719 892 3836 941 aut
3889 880 4119 948 neces·

1125 992 1336 1074 sario;
1392 1004 1505 1055 aut
1558 1006 1687 1053 non
1738 1004 1816 1051 eo
1871 983 2135 1049 nomine
2187 977 2637 1065 usurpandum
2667 1028 2686 1060 ,
2737 996 2877 1061 quo
2913 988 3278 1060 arguatur3
3331 987 3448 1037 aut
3499 994 3639 1038 non
3679 974 3772 1043 ita
3825 980 3983 1066 agi,
4032 1000 4117 1049 ut:

1121 1090 1411 1162 debuerit
1467 1109 1540 1153 ac
1596 1086 1909 1153 licuerit:
1968 1086 2039 1151 δε
2084 1134 2104 1165 ,
2158 1081 2206 1147 fi
2263 1079 2413 1145 satis
2464 1077 2602 1143 esse
2659 1076 2897 1163 putatis
2939 1125 2960 1157 ,
3011 1092 3086 1139 ea
3129 1126 3148 1159 ,
3201 1095 3346 1163 quae
3398 1071 3495 1139 isti
3550 1073 3896 1163 scriptores
3945 1086 4115 1151 arti-s

1122 1195 1365 1263 docent
1404 1242 1427 1276 ,
1473 1188 1781 1272 discere„
1832 1207 1971 1275 quae
2026 1184 2250 1249 multo
2307 1197 2526 1245 tamen
2579 1180 2878 1243 ornatius
2919 1226 2941 1261 ‚
3012 1194 3216 1264 quam
3273 1172 3354 1241 ab
3399 1174 3535 1240 illis
3585 1176 3896 1246 dicuntur
3941 1236 3964 1269 ,
4037 1186 4114 1254 δε

1124 1294 1391 1361 uberius
1438 1289 1801 1374 explicavit
1856 1286 2244 1368 Antonius3
2332 1278 2434 1347 sed
2477 1329 2500 1362 ‚
2573 1278 2619 1343 si
2671 1278 2773 1345 his
2825 1278 3116 1343 contenti
3167 1276 3316 1343 estis
3357 1303 3376 1364 3
3457 1295 3654 1366 atque
3705 1280 3781 1347 iis
3849 1287 4055 1351 etiam
4091 1340 4122 1372 ,

1125 1418 1263 1484 qua.-
1318 1392 1449 1457 dici
1504 1387 1795 1456 voluistis
1849 1406 1887 1449 a
1942 1405 2089 1450 me.-
2140 1404 2226 1449 ex
2283 1380 2536 1471 ingenti
2591 1379 2888 1469 quodam
2941 1396 3318 1464 oratorem,
3371 1378 3830 1471 immensoque
3877 1405 4122 1475 campo

1136 1499 1206 1565 in
1256 1494 1581 1579 exiguum
1638 1488 1788 1554 sane
1842 1504 2095 1571 gyrum
2145 1484 2580 1570 compellitis·

1130 1594 1141 1607 '
1226 1596 1341 1661 Sin
1399 1607 1684 1656 veterem
1736 1584 1935 1651 illum
1991 1586 2358 1672 Periclem,
2411 1604 2526 1650 aut
2575 1584 2762 1653 hunc
2807 1584 3054 1669 etiam,
3104 1584 3222 1673 qui
3277 1583 3672 1651 familiarior
3724 1584 3910 1657 nobis
3967 1609 4114 1676 pro-

1126 1712 1265 1786 pter
1323 1684 1712 1776 scriptorum
1766 1685 2268 1754 multitudinem
2317 1686 2450 1770 est,
2507 1684 3055 1768 Demosthenem,
3111 1684 3288 1773 sequi
3345 1685 3549 1751 vultis
3567 1714 3590 1774 ,-
3647 1690 3754 1773 &,
3823 1689 3869 1755 fi
3923 1688 4118 1758 illam

1128 1794 1511 1885 praeclaram
1566 1793 1637 1858 δε
1692 1790 2009 1859 eximiam
2064 1786 2342 1876 speciem
2396 1788 2666 1855 oratoris
2718 1786 2980 1872 perfeffl
3020 1838 3043 1870 ,
3099 1788 3168 1853 dt
3229 1786 3791 1873 pulchritudinem
3847 1791 4120 1859 adama-

1022 1958 1039 1973 ,
1127 1896 1298 1984 stis·,
1374 1910 1483 1959 aut
1556 1888 1732 1958 vobis
1808 1892 1943 1959 haec
2014 1892 2380 1957 Carneadia
2419 1942 2440 1975 ,
2507 1904 2620 1955 aut
2698 1887 2810 1953 illa
2865 1885 3245 1953 Aristotelia
3325 1888 3432 1952 vis
3490 1892 4118 1977 comprehendenda

1034 1992 1053 2005 ‘
1126 1998 1254 2065 est.
1310 2000 1615 2080 Namque
1666 2004 1793 2080 (ut
1848 2008 1999 2057 ante
2020 1991 2210 2077 dixi)
2265 2008 2522 2058 veteres
2575 1988 2669 2054 illi
2726 1992 2931 2078 utque
2987 1986 3065 2054 ad
3086 1991 3468 2074 Socratem,
3516 2011 3788 2059 omnem
3809 1996 4120 2063 omnium

1130 2115 1353 2165 rerum
1402 2117 1543 2183 qua:
1597 2092 1679 2159 ad
1736 2114 1951 2159 mores
2002 2092 2402 2176 hominum,
2452 2114 2596 2180 quae
2647 2090 2726 2153 ad
2751 2092 2996 2173 vitam,
3048 2112 3189 2177 quae
3241 2089 3320 2154 ad
3379 2092 3690 2159 virtutem
3728 2146 3749 2178 ,
3819 2116 3966 2183 quae
4037 2095 4122 2161 ad

1134 2194 1615 2283 rempublicam
1684 2193 2093 2283 pertinebant
2133 2244 2154 2277 ,
2243 2194 2690 2281 cognitionem
2764 2194 2834 2260 &
2911 2191 3248 2259 scientiam
3317 2212 3476 2261 cum
3545 2192 3789 2263 dicendi
3860 2197 4112 2263 ratione

1136 2296 1555 2384 iungebant:
1628 2295 1841 2383 postea
1892 2295 2205 2361 diffociati
2277 2306 2401 2381 (ut
2453 2292 2776 2381 exposui)
2848 2311 2885 2356 a
2935 2296 3201 2360 Socrate
3247 2345 3268 2378 ,
3337 2291 3555 2361 diserti
3605 2314 3642 2361 a
3693 2294 3900 2363 dostis
3939 2346 3960 2381 ,
4033 2299 4110 2367 δε

1132 2398 1435 2485 deinceps
1510 2417 1549 2461 a
1603 2398 1953 2464 Socraticis
2020 2397 2184 2463 item
2235 2395 2596 2461 omnibus:
2669 2391 3030 2483 philosophi
3096 2396 3544 2483 eloquentiam
3591 2395 4036 2484 despexerunt
4095 2450 4124 2483 ,

1136 2515 1429 2567 oratores
1485 2496 1903 2582 sapientiam:
1958 2517 2168 2582 neque
2223 2496 2580 2585 quidquam
2632 2516 2718 2562 ex
2771 2496 3036 2562 alterius
3087 2511 3266 2583 parte
3321 2498 3722 2585 tetigerunt,
3773 2498 3890 2565 nis:
3946 2498 4118 2587 quod

1136 2600 1237 2667 illi
1290 2596 1369 2662 ab
1420 2596 1521 2663 his
1560 2647 1581 2682 ,
1648 2617 1763 2663 aut
1816 2596 1899 2663 ab
1946 2596 2079 2661 illis
2130 2594 2200 2661 hi
2253 2614 2774 2666 mutuarentur:
2827 2616 2911 2661 ex
2965 2618 3098 2684 quo
3151 2596 3519 2684 promiscue
3570 2600 3922 2669 haurirent
3977 2652 3996 2683 ,
4074 2598 4120 2664 fi

1136 2719 1406 2767 manere
1456 2700 1524 2763 in
1576 2697 1841 2784 pristina
1896 2697 2368 2767 communione
2421 2696 2802 2766 voluissent.
2855 2695 3021 2781 Sed,
3075 2714 3152 2765 ut
3205 2700 3542 2783 pon‘tifices
3601 2716 3858 2767 veteres
3915 2710 4124 2785 (35),

1139 2814 1400 2888 propter
1458 2797 1933 2867 sacrificiorum
1987 2796 2527 2882 multitudinem,
2580 2815 2710 2864 tres
2763 2798 2943 2862 viros
2995 2799 3313 2885 epulones
3363 2802 3484 2865 effe
3509 2800 3910 2885 voluerunt,
3965 2822 4122 2869 cum

1138 2900 1333 2967 effent
1386 2899 1499 2987 ipfi
1554 2918 1593 2965 a
1643 2904 1869 2967 Numa
1912 2951 1931 2984 ,
2000 2917 2075 2965 ut
2128 2902 2330 2969 etiam
2379 2899 2550 2965 illud
2608 2897 2928 2973 ludorum
2981 2901 3248 2986 epulare
3320 2898 3718 2968 sacrificium
3773 2903 4122 2987 facerent,

1138 2998 1467 3068 instituti:
1541 2999 1628 3069 fic
1678 3002 1992 3069 Socratici
2064 3021 2103 3065 a
2160 3000 2222 3067 se
2274 2998 2623 3067 causarum
2675 2999 2926 3067 aitores
2965 3052 2985 3084 ,
3059 3004 3128 3071 &
3207 3019 3244 3065 a
3297 3004 3634 3070 communi
3693 3004 4121 3091 philosophiae

1140 3103 1413 3170 nomine
1466 3100 1925 3191 separaverunt
1964 3152 1985 3189 ,
2054 3122 2214 3172 cum
2267 3115 2514 3172 veteres
2568 3098 2828 3172 dicendi
2900 3102 2970 3171 &
3029 3101 3448 3194 intelligendi
3517 3104 3874 3174 mirificam
3927 3104 4125 3176 socie-

1139 3220 1344 3273 tatem
1396 3204 1516 3271 effe
1567 3207 1949 3274 voluiffent.

1240 3309 1388 3373 XX.
1447 3310 1613 3389 Qua:
1662 3330 1823 3377 curn
1871 3309 1961 3374 ita
2020 3305 2145 3376 fint
2187 3361 2208 3394 ,
2277 3307 2626 3396 paululum
2681 3308 2994 3399 equidem
3069 3309 3154 3375 de
3197 3331 3308 3378 me
3355 3311 3754 3400 deprecabor
3792 3364 3813 3397 ,
3883 3313 3956 3380 &
4013 3329 4129 3400 pe-

1140 3419 1277 3476 tam
1332 3427 1369 3472 a
1424 3407 1650 3495 vobiS,
1700 3426 1777 3477 ut
1824 3430 1904 3478 ea
1934 3463 1955 3494 ,
1998 3431 2138 3497 quae
2189 3409 2452 3497 dicam,
2505 3432 2636 3478 non
2691 3409 2768 3477 de
2821 3409 3242 3498 memetipsr),
3300 3410 3408 3479 sed
3457 3413 3536 3480 de
3587 3433 3842 3479 oratore
3889 3413 4132 3480 dicere

1138 3511 1372 3596 putetis
1408 3557 1427 3573 .
1478 3512 1628 3599 Ego
1677 3512 1855 3579 enim
1910 3509 2057 3577 sum
2106 3513 2161 3577 is
2204 3563 2225 3596 ,
2275 3513 2388 3602 qui
2430 3563 2450 3596 ,
2522 3533 2680 3579 cum
2733 3509 2996 3578 summo
3051 3511 3258 3580 studio
3309 3515 3506 3602 patris
3557 3517 3622 3580 in
3675 3513 3945 3600 pueritia
3999 3509 4128 3576 do-

1138 3607 1287 3674 stus
1334 3609 1527 3674 effern
1567 3661 1588 3693 ,
1640 3613 1711 3678 δε
1764 3613 1835 3676 in
1890 3611 2112 3678 forum
2166 3612 2419 3701 ingenii
2473 3629 2735 3682 tantum
2775 3667 2799 3700 ,
2865 3632 3192 3702 quantum
3266 3614 3388 3702 ipse
3443 3614 3651 3682 sentio
3689 3667 3708 3700 ,
3777 3633 3912 3678 non
3965 3631 4130 3677 tan-

1140 3723 1287 3776 tum
1336 3723 1660 3795 quantum
1720 3707 1853 3794 ipse
1906 3709 2173 3774 forfitan
2229 3711 2410 3776 vobis
2465 3713 2734 3798 videar,
2783 3713 3185 3800 detulissem,
3239 3737 3368 3782 non
3425 3715 3644 3803 poffim
3693 3713 3959 3800 dicere,
4015 3735 4130 3781 me
4189 3707 4206 3722 “

1140 3805 1277 3873 hoec
1318 3859 1339 3889 ,
1408 3827 1553 3892 quae
1607 3829 1785 3873 nunc
1838 3807 2236 3892 complector
2291 3862 2310 3893 ,
2382 3811 2647 3896 perinde
2685 3867 2707 3898 ,
2779 3831 2852 3880 ut
2901 3816 3118 3885 dicam
3173 3817 3474 3884 discenda
3525 3818 3642 3885 effe
3685 3870 3706 3902 ,
3775 3815 4062 3884 didiciffe
4103 3840 4124 3878 :

1140 3907 1375 3994 quippe
1428 3907 1541 3992 qui
1594 3907 1895 3972 omnium
1950 3911 2339 3975 maturrime
2391 3911 2472 3974 ad
2524 3911 2816 3999 publicas
2868 3919 3093 3984 causas
3143 3917 3510 3986 accefferim
3547 3971 3568 4003 ,
3621 3916 3956 4006 annosque
4011 3937 4120 3982 na-

1140 4025 1245 4072 tus
1300 4025 1515 4071 unum
1592 4007 1661 4074 &
1744 4007 1985 4094 viginti
2038 4007 2518 4078 nobilissimum
2573 4015 2908 4083 hominem
2989 4021 3058 4088 &
3135 4018 3748 4108 eloquentissimum
3819 4018 3886 4084 in
3953 4019 4110 4094 judi-

1141 4108 1325 4175 cium
1384 4108 1679 4172 vocat-im
1732 4132 1757 4194 ‚-
1826 4108 1936 4174 cui
1987 4108 2324 4196 disciplina
2379 4112 2582 4181 fuerit
2636 4117 2901 4206 forum3
2957 4119 3259 4210 magister
3303 4173 3324 4208 ,
3375 4120 3532 4192 usus
3574 4175 3600 4208 2
3649 4123 3718 4191 &
3775 4120 3982 4206 leges,
4033 4119 4107 4184 &

1142 4206 1433 4274 instituta
1483 4207 1707 4296 populi
1764 4212 2091 4298 Romani,
2143 4211 2416 4305 mosque
2469 4219 2843 4298 majorum.

3862 4326 4028 4392 Pau·

1138 4505 4145 4564 Ἣ

1144 4557 4142 4596 ——-——-—-———-————---——-—----..-...-.-----—----

1210 4605 1317 4672 (35
1346 4611 1367 4666 )
1406 4613 1483 4662 Ut
1504 4617 1776 4670 Pmt't‘lst’s
1806 4631 2069 4692 ‚venre-t)
2114 4625 2244 4684 Allo
2279 4624 2574 4694 menapia,
2675 4631 2990 4695 leptemvrrn
3047 4635 3344 4698 epulonum
3397 4645 3892 4683 commemorantur
3927 4663 3941 4678 .
3983 4629 4138 4694 Qn-

1138 4674 1582 4764 qut'madmodum
1635 4681 1909 4764 diffidtuyn
1946 4689 2081 4744 lllud
2120 4689 2312 4748 sactum
2351 4695 2416 4749 {rt
2445 4735 2462 4757 ,
2505 4715 2570 4749 ο·
2673 4717 2794 4752 nam
2839 4717 2970 4754 vero
3007 4697 3074 4753 de
3107 4695 3288 4759 causa,
3327 4700 3382 4752 ὁ(
3419 4715 3446 4750 a
3485 4717 3594 4768 quo
3627 4696 3690 4753 fit
3729 4715 3984 4752 numerus
4021 4692 4140 4748 iste

1139 4741 1348 4862 1{it-ndu
1390 4785 1405 4799 .
1459 4749 1943 4830 Epulonem-initio
1984 4777 2089 4816 tres
2122 4757 2384 4819 duntaxat
2429 4783 2562 4822 ceatt
2669 4767 2909 4825 adauftus
2942 4809 2959 4833 ,
3014 4769 3284 4824 incertum
3337 4767 3414 4822 est
3450 4807 3466 4823 .
3523 4773 3719 4826 Munus
3759 4767 3978 4824 illorum
4020 4767 4138 4819 furt

1138 4831 1302 4936 lum»
1356 4833 1416 4868 '¹‘
1449 4819 1638 4884 Prodtt
1694 4823 1896 4901 Limus·
1928 4827 2037 4904 lib.
2091 4851 2179 4904 33.
2235 4835 2563 4906 Pomprnius
2673 4838 2902 4910 publicis
2960 4839 3135 4909 epulis
3172 4837 3391 4910 praeefl'e
3422 4860 3440 4902 5
3477 4859 3595 4910 quae
3637 4839 3844 4896 scilicet
3884 4837 3940 4892 in
3985 4835 4146 4891 ludis

1184 4899 1313 4936 ἕως
1342 4883 1471 4940 ἀυΟΒ
1524 4888 1705 4955 vostea
1740 4911 1812 4947 :ut
1866 4897 2392 4970 iuisse'adjunc‘ioso
2429 4946 2446 4970 ,
2505 4925 2564 4965 ut
2667 4910 2913 4980 publicis
2950 4908 3329 4981 praebebantur
3362 4952 3378 4976 ,
3417 4929 3476 4968 ut
3512 4930 3578 4967 ex
3619 4911 3902 4968 Cicerone
3939 4905 4007 4966 de
4043 4910 4142 4965 A-

1138 4965 1373 5025 qtunqne
1413 4952 1587 5014 essem
1626 4999 1640 5014 .
1693 4965 2040 5026 Postmodum
2094 4973 2330 5044 denique
2379 4973 2444 5032 ad
2479 4975 2563 5031 se-
2673 4979 2948 5053 ruspicum
2985 4980 3266 5054 responsis
3293 4983 3574 5055 colligitur
3601 5023 3618 5042 .
3647 4983 3840 5041 Idem.

1134 5033 1285 5088 ptem
1320 5029 1627 5097 pervemsse
1662 5052 1868 5096 certum
1904 5040 1980 5097 est
2016 5081 2031 5098 .
2072 5045 2385 5118 Plerumque
2421 5063 2571 5106 emm
