4359 6321
851 402 1474 503 LIBER
1597 408 2416 504 PRIMUS.
2922 453 3092 546 113

231 550 398 603 cum
449 532 520 603 <Sc
573 550 684 621 pei·
735 530 1060 621 meipsum
1107 530 1416 618 egissem,
1469 529 1539 597 δε
1599 548 1710 615 per
1736 526 2034 597 Drusum
2089 531 2247 621 saepe
2298 534 2673 603 tentassem:
2727 559 2863 628 quo
2916 543 2985 606 in
3038 561 3237 630 gene..

227 654 308 702 re
359 652 428 699 tu
488 686 511 719 ,
561 632 862 717 Antoni,
911 643 936 718 (
1001 650 1150 699 vere
1197 632 1432 721 loquar
1489 640 1513 715 )
1569 639 1923 717 nunquam
1977 632 2142 698 mihi
2194 638 2603 718 percontanti
2646 690 2666 722 ,
2736 655 2851 705 aut
2918 645 3239 731 quaerenti

230 732 522 821 aliquid,
572 732 882 817 defuisti,
931 735 1002 803 &
1061 732 1334 820 persaepe
1387 750 1538 815 me,
1590 750 1732 818 quae
1774 728 2012 799 soleres
2056 734 2126 798 in
2167 731 2453 803 dicendo
2490 734 2878 825 observare,
2928 740 3240 825 docuisti.

227 841 430 903 Nunc
471 837 790 926 quoniam
827 850 1102 923 uterque
1139 832 1436 899 vestrum
1492 831 1790 918 patefecit
1826 852 2066 902 earum
2108 854 2336 901 rerum
2374 836 2663 924 ipsarum
2722 840 3023 931 aditum,
3058 864 3237 934 quas

226 940 633 1028 quaerimus,
685 939 756 1006 δε
797 936 1114 1026 quoniam
1168 936 1471 1021 princeps
1493 931 1748 998 craffus
1795 934 1938 1011 ejus
1996 932 2311 1001 sermonis
2361 936 2655 1007 ordiendi
2710 942 2879 1024 fuit,
2928 946 3081 1011 date
3119 964 3237 1011 no·

227 1039 328 1106 bis
379 1039 555 1106 hanc
607 1039 913 1121 veniam,
966 1051 1042 1101 ut
1095 1055 1214 1119 ea,
1267 1057 1409 1125 quae
1455 1032 1703 1098 sentitis
1755 1032 1838 1099 de
1889 1035 2074 1100 omni
2113 1056 2354 1124 genere
2394 1036 2695 1125 dicendi,
2746 1040 3061 1111 subtiliter
3098 1066 3239 1132 per-

225 1138 628 1229 sequamini.
689 1138 884 1236 Quod
915 1136 1182 1225 quidem
1226 1134 1272 1201 si
1325 1134 1448 1201 erit
1503 1152 1542 1196 a
1593 1132 1779 1199 vobis
1833 1135 2307 1221 impetratum,
2362 1158 2677 1227 magnam
2716 1142 3003 1229 habebo,
3052 1148 3242 1213 Cras-

228 1240 340 1326 se,
391 1242 551 1309 huic
605 1239 906 1329 palaestrae
959 1226 1446 1307 &Tusculano
1495 1250 1610 1299 tuo
1666 1234 1998 1321 gratiam,
2053 1239 2121 1303 δι
2179 1237 2379 1325 longe
2402 1242 2773 1311 Academiae
2827 1244 2928 1310 illi
2978 1266 3057 1312 ac
3096 1250 3241 1329 Ly·-

226 1364 346 1409 ceo
398 1360 598 1412 tuum
649 1343 778 1409 hoc
835 1338 1288 1407 suburbanum
1340 1334 1774 1425 gymnasium
1827 1353 2267 1425 anteponam.
3202 1358 3214 1368 ·

331 1447 556 1509 XXII.
604 1444 803 1521 ,Tum
853 1440 966 1507 ille
1023 1491 1044 1523 ,
1095 1442 1318 1505 Immo
1371 1457 1574 1522 vei-0,
1626 1438 1882 1525 inquit,
1934 1438 2225 1524 Sulpici,
2286 1460 2597 1528 rogemus
2650 1448 3072 1533 Antonium,
3123 1450 3239 1535 qui

227 1548 301 1613 &
367 1542 574 1629 potest·
618 1542 831 1608 facere
885 1542 946 1605 id
1001 1593 1022 1623 ,
1069 1540 1246 1629 quod
1295 1538 1624 1629 requiriS,
1681 1542 1751 1605 ὅ(
1807 1536 2193 1625 consuevit,
2243 1554 2314 1605 ut
2366 1559 2429 1607 te
2482 1540 2681 1610 audio
2732 1546 2949 1612 dicere
2988 1596 3003 1611 .
3060 1551 3238 1613 Nam

227 1646 443 1711 fateor
495 1664 604 1711 rue
656 1644 925 1732 quidem
980 1640 1228 1731 semper
1280 1662 1314 1706 a
1370 1660 1616 1730 genere
1669 1640 1793 1707 hoc
1847 1656 1982 1706 toto
2035 1640 2359 1707 sermonis
2412 1641 2779 1731 refugisse,
2834 1647 2905 1715 &
2962 1644 3079 1711 tibi
3119 1668 3235 1713 cu-

231 1746 436 1833 pienti
489 1760 684 1833 atque
735 1742 994 1811 instanti
1047 1742 1391 1831 saepissime
1443 1738 1715 1829 negasse
1757 1794 1780 1827 ,
1848 1755 1924 1811 ut
1999 1756 2138 1809 tute
2190 1742 2393 1829 paulo
2463 1762 2614 1809 ante
2686 1745 2905 1811 dixisti
2944 1794 2961 1811 .
3040 1746 3237 1829 Qiod

231 1864 366 1930 ego
421 1865 557 1907 non
611 1844 939 1927 superbia,
989 1864 1202 1931 neque
1255 1843 1744 1907 inhumanitate
1797 1842 2118 1911 faciebam
2153 1894 2170 1925 ,
2226 1862 2439 1932 nequ-e
2491 1866 2627 1933 quo
2677 1861 2796 1920 tuo
2847 1844 3061 1913 studio
3130 1868 3230 1914 re-

233 1942 516 2012 &iffiino
583 1956 786 2030 atque
862 1939 1114 2026 optimo
1183 1961 1318 2006 non
1368 1940 1630 2028 obsequi
1685 1942 1934 2009 vellem
1974 1995 1993 2027 ,
2063 1938 2419 2029 praesertim
2494 1966 2653 2013 cum
2724 1964 2789 2013 te
2858 1968 3069 2015 unum
3140 1968 3227 2013 ex

229 2041 547 2111 omnibus
595 2039 676 2106 ad
728 2038 1086 2109 dicendum
1136 2043 1432 2109 maxime
1485 2056 1761 2123 natum,
1810 2053 2174 2127 aptumque
2223 2044 2601 2129 cognoffem
2642 2070 2661 2131 ;
2738 2044 2843 2113 sed
2894 2049 3235 2115 mehercu-

229 2146 296 2215 le
351 2138 528 2207 istius
581 2139 1052 2227 disputationis
1101 2140 1488 2228 insolentia,
1543 2154 1748 2229 atque
1797 2159 2032 2208 earum
2081 2157 2353 2225 rerum,
2405 2162 2551 2229 quae
2585 2142 2767 2231 quasi
2820 2144 2888 2210 in
2940 2164 3079 2213 arte
3101 2162 3236 2214 tra-

227 2246 532 2327 duntur,
586 2239 886 2308 inscitia.

335 2347 523 2409 Tum
575 2347 816 2429 Cotta,
865 2342 1184 2430 quoniam
1235 2341 1306 2407 id
1363 2339 1536 2431 quod
1589 2338 2068 2408 difficillimum
2121 2338 2309 2405 nobis
2360 2338 2705 2408 videbatur
2748 2392 2770 2428 ,
2838 2359 2914 2411 ut
2963 2346 3243 2413 omnino

224 2446 311 2513 de
365 2442 473 2511 his
525 2442 720 2511 rebus
753 2496 774 2531 ,
825 2442 1083 2528 Crasse,
1139 2444 1520 2531 loquerere,
1573 2441 1834 2508 affecuti
1887 2439 2152 2507 sumus:
2206 2438 2286 2504 de
2333 2440 2593 2529 reliquo
2644 2444 2779 2519 iam
2830 2446 3044 2511 nostra
3092 2449 3245 2513 cul-

229 2566 316 2635 pa
374 2544 578 2611 fuerit
619 2598 640 2629 ,
697 2543 743 2610 fi
800 2561 864 2610 te
903 2595 925 2627 ,
977 2543 1097 2609 nisi
1147 2544 1378 2611 omnia
1421 2594 1441 2629 ,
1513 2563 1655 2630 quai
1709 2540 2068 2629 percontati
2117 2537 2371 2607 erimus
2410 2591 2431 2624 ,
2480 2539 2875 2626 explicatis,
2918 2545 3242 2611 dimiseri-

229 2670 422 2717 muS.
487 2648 593 2709 De
645 2644 748 2712 his
790 2697 810 2732 ,
859 2641 1056 2713 credo
1095 2696 1116 2731 ,
1163 2644 1358 2713 rebus
1397 2695 1418 2729 ,
1491 2642 1708 2730 inq-uit
1759 2642 2020 2709 Crassus
2055 2690 2079 2727 ,
2145 2653 2220 2705 ut
2272 2640 2341 2706 in
2387 2639 2784 2709 cretionibus
2838 2643 3025 2710 scribi
3078 2645 3243 2714 solet

235 2760 440 2840 (37)
489 2746 751 2831 Quibus
791 2743 1052 2833 sciam,
1093 2762 1426 2833 poteroque
1465 2788 1484 2809 .
1543 2744 1730 2810 Tum
1781 2741 1896 2810 ille
1931 2796 1952 2830 ,
2025 2743 2339 2830 Namque
2386 2740 2563 2831 quod
2610 2755 2687 2809 tu
2742 2764 2875 2812 non
2906 2748 3169 2833 'poteris

441 2850 612 2911 Tom.
668 2853 723 2911 Ι.
2298 2844 2349 2905 Ρ
3014 2863 3130 2915 aut

229 3167 498 3256 ‘defuiffi.
537 3171 746 3254 1:·3·⁶·.
787 3182 839 3228 6.
859 3176 1138 3243 Ancipites
1159 3175 1270 3232 vias
1297 3216 1314 3240 ,
1354 3178 1688 3256 ration-esque
1786 3177 2070 3240 mittendae
2125 3177 2265 3235 utile
2296 3219 2315 3243 ,
2386 3197 2488 3235 nec
2556 3176 2879 3236 continuum
2931 3177 3241 3238 ostenditur

231 3239 598 3315 disputandi.
629 3244 750 3326 lfaci
775 3259 808 3297 e
834 3240 993 3313 plura
1024 3243 1268 3315 exempla
1303 3245 1540 3314 proferri
1557 3247 1690 3318 pos·
1789 3253 1830 3308 l.
1873 3270 1921 3307 1.
1954 3245 2008 3305 ff.
2109 3253 2197 3304 uis
2236 3247 2361 3323 ordo
2395 3251 2459 3302 in
2494 3247 2749 3304 bonerum
2781 3247 2966 3318 peffeff.
3007 3245 3247 3306 Gotho-

235 3311 413 3372 sunt.
453 3321 751 3370 Pearcms.
1795 3318 2006 3376 fredus,
2099 3335 2189 3374 era
2228 3316 2394 3372 lectio
2429 3313 2569 3379 suit,
2608 3316 3048 3372 conditionibus.
3087 3312 3239 3383 Quid

231 3455 234 3458 ,
315 3389 343 3450 (
367 3387 484 3464 37)
523 3390 601 3462 Ut
635 3387 699 3440 in
733 3381 1062 3463 cretionibqas
1088 3379 1260 3463 scribi
1278 3381 1450 3462 solet.
1483 3390 1510 3448 )
1546 3387 1697 3442 Cum
1795 3388 1950 3446 enim
1985 3385 2052 3444 ad
2087 3389 2344 3443 crerimes
2382 3381 2611 3439 formula
2646 3382 2798 3440 haec:
2858 3391 2944 3441 De
2979 3387 3048 3439 iis
3086 3381 3243 3439 rebar

235 3454 303 3520 in
363 3455 486 3512 aliis
536 3453 694 3514 libris
743 3451 1128 3532 manuscriptis
1200 3455 1512 3525 reperiflem
1563 3455 1700 3512 {ci-i·
1797 3456 2000 3533 quibus
2025 3453 2443 3524 sciam,·pvrero
2560 3463 2583 3509 ,ἃ
2630 3455 2765 3521 Quoe
2802 3449 2915 3524 ipsa
2951 3453 3012 3511 in
3048 3449 3247 3512 condi-

234 3545 400 3600 ptum
424 3567 444 3606 ³.
489 3527 817 3608 terrionibus
839 3563 856 3590 ,
908 3525 969 3581 in
1024 3524 1144 3582 aliis
1166 3565 1184 3590 ,
1220 3522 1386 3597 Craffi
1423 3529 1696 3584 orationi·
1803 3525 2040 3584 tionibus
2091 3521 2354 3598 aptissima
2390 3469 2628 3582 effEt
2668 3521 2893 3603 vei-buin
2917 3563 2935 3589 ,
2968 3523 3208 3600 condies)
3232 3562 3250 3588 ,

235 3597 343 3656 bus
371 3638 388 3664 ,
428 3617 491 3654 in
527 3599 681 3661 aliis,
719 3595 1066 3652 certioribus:
1105 3615 1208 3674 ego
1240 3598 1566 3674 cretionibus
1603 3617 1698 3654 re-
1797 3598 1958 3657 etiam
2020 3594 2313 3665 juridicum
2350 3593 2431 3651 est
2457 3613 2480 3656 5
2536 3592 2684 3664 quod
2718 3593 2926 3652 indicet
2980 3611 3137 3664 caput
3174 3591 3249 3650 il-

232 3665 434 3743 posui,
489 3666 798 3740 praesertim
849 3683 975 3724 cum
1027 3667 1380 3724 meminissem
1430 3673 1536 3738 jam
1571 3668 1694 3740 pri-
1795 3668 1892 3728 lud
1926 3671 2108 3742 Juris,
2145 3674 2232 3722 De
2282 3663 2678 3724 conditionibus
2708 3661 2781 3730 ό·
2828 3663 3247 3735 demonstratio-

231 3741 368 3800 dem
409 3738 482 3796 ita
517 3758 544 3794 a
579 3741 672 3796 Fr.
709 3739 972 3797 Duareno
1009 3734 1122 3794 esse
1158 3735 1498 3796 emendatum
1523 3777 1546 3794 .
1598 3737 1694 3796 Est
1795 3739 1960 3794 nibus
1997 3777 2014 3794 .
2070 3744 2142 3795 Et
2178 3735 2473 3792 lestionem
2512 3752 2784 3804 priorem,
2862 3753 2983 3794 uam
3020 3734 3249 3794 umbi-

237 3829 426 3870 autern
459 3815 624 3868 cretio
653 3851 671 3875 ,
719 3826 779 3866 ut
837 3807 996 3866 docet
1032 3807 1350 3879 Ulpianus,
1387 3807 1562 3866 Titul.
1603 3829 1693 3865 22.

233 3881 378 3946 Ifid.
419 3898 469 3948 ς.
511 3883 692 3940 Varro
730 3897 782 3952 ς.
818 3879 886 3936 de
921 3880 1004 3938 lin
1043 3918 1059 3935 .
1097 3881 1214 3958 Lat.
1259 3899 1342 3953 ¹3·
1393 3876 1459 3935 ad
1517 3877 1690 3938 Attit.

229 3976 334 4026 44.
389 3970 692 4032 certorum·
735 3950 948 4008 dierum
1022 3967 1230 4022 parium
1267 3991 1286 4016 ,
1333 3949 1480 4022 quod
1536 3949 1692 4008 datur

237 4023 443 4084 heredi
477 4022 546 4100 ad
582 4019 1029 4087 deliberandum,
1057 4039 1248 4078 utrum
1284 4021 1544 4092 expediat
1574 4020 1694 4080 adi·-

237 4115 304 4158 κε
343 4093 724 4154 hereditatem
756 4135 774 4159 ,
829 4111 1005 4152 necne
1039 4114 1053 4148 ε
1100 4091 1276 4150 veluti
1313 4092 1497 4151 Titius
1537 4092 1694 4152 heres

231 4167 353 4226 esto
379 4209 396 4235 ,
447 4165 774 4239 cernitoque
825 4162 1188 4241 hereditatem
1246 4163 1311 4222 iit
1345 4165 1528 4223 diebus
1564 4187 1698 4226 cen—

239 4258 356 4298 tum
405 4237 682 4310 proximis
705 4277 734 4318 ι,
787 4236 978 4310 quihus
1015 4233 1206 4294 scierit
1243 4275 1260 4300 ,
1313 4238 1696 4310 proteritque-5

239 4307 345 4370 nifi
386 4309 460 4368 ita
500 4327 745 4367 creverit
779 4349 799 4374 ,
852 4307 1084 4366 ethei-cs
1123 4305 1274 4365 esto.
1313 4307 1570 4365 Lambin.
1611 4308 1702 4367 Est

241 4401 416 4440 autem
453 4401 665 4440 cernere
699 4421 718 4447 ,
773 4399 890 4437 non
931 4379 1102 4437 modo
1140 4376 1473 4439 constituere
1508 4378 1564 4436 se
1601 4377 1704 4436 he·-

243 4454 434 4512 redem
474 4452 590 4510 esse
623 4457 660 4518 ί
693 4471 753 4510 ut
792 4453 972 4511 Varro
1009 4464 1063 4509 6.
1103 4448 1256 4530 ling.⁸
1279 4451 1463 4512 Latin.
1517 4450 1704 4522 expli-

243 4531 368 4590 cat)
412 4543 612 4596 rorum
651 4523 814 4582 etiam
841 4520 1090 4595 legitima
1121 4521 1382 4580 cretionis
1417 4521 1579 4580 verba
1618 4521 1708 4580 di-

247 4607 411 4664 cere‘,
443 4595 607 4654 hunc
643 4596 704 4653 in
739 4593 996 4655 modum:
1041 4602 1183 4653 Cum
1224 4613 1310 4650 me
1349 4599 1574 4654 Manius
1613 4593 1710 4650 be-

247 4669 426 4726 redene
485 4668 795 4738 instituerit
823 4707 843 4734 ,
901 4685 1024 4725 eam
1075 4666 1441 4724 hereditatem
1509 4684 1662 4723 cerno
1690 4705 1709 4722 .

249 4739 524 4820 Adeoque
581 4737 733 4808 Ulp.
771 4759 859 4814 32.
917 4741 1099 4796 Cretio
1134 4735 1375 4809 duplex:
1412 4737 1520 4795 vul
1558 4741 1708 4802 aris,

249 4830 312 4870 in
333 4829 440 4882 qua
461 4807 861 4878 adjiciebantur
879 4806 998 4868 haec
1038 4809 1198 4868 verba
1213 4849 1230 4874 ,
1246 4807 1468 4884 quihus
1525 4813 1673 4866 ciam
1691 4848 1712 4876 ,

251 4897 431 4955 potero
469 4901 577 4936 ue:
639 4885 936 4948 continua,
975 4880 1034 4939 in
1073 4900 1172 4953 qua
1207 4899 1324 4937 non
1379 4878 1710 4952 adjicieban-

256 4973 380 5012 tur.
491 4951 580 5026 lp.
617 4952 705 5009 tit.
744 4975 834 5030 23.
893 4952 1069 5014 Unde
1107 4949 1195 5014 his
1235 4949 1412 5010 verbis
1441 4991 1460 5018 ,
1506 4949 1710 5026 quibus

239 5022 426 5098 sciam
441 5065 461 5095 ,
491 5035 782 5104 poteroque
795 5068 816 5106 ,
853 5043 1064 5101 tenipus
1077 5024 1345 5087 bonorum
1374 5020 1600 5097 possess.
1616 5019 1712 5090 :df

1795 3829 1897 3868 nus
1949 3808 2111 3876 ejecit
2137 3847 2154 3873 ,
2206 3822 2386 3863 tuetur
2443 3801 2665 3861 verbum
2716 3825 2811 3863 con
2849 3809 3085 3874 irionis,
3134 3825 3244 3878 quo

1791 3899 1920 3938 mox
1958 3879 2130 3937 utitur
2168 3873 2428 3935 Crassus·
2455 3879 2593 3944 Iam
2642 3895 2771 3932 vero
2805 3916 2824 3942 ,
2868 3875 3049 3949 inquit
3084 3919 3101 3942 ,
3138 3875 3245 3946 ista

1794 3951 2100 4010 conditione
2117 3991 2134 4016 ,
2167 3948 2305 4006 dum
2341 3945 2480 4006 mihi
2515 3948 2686 4004 liceat
2714 3965 2915 4017 negare
2943 3944 3074 4022 poffe
3104 3948 3250 4024 quod

1795 4043 1904 4081 mn
1934 4033 2114 4097 potero
2134 4062 2153 4087 ,
2206 4017 2483 4146 &lateri
2515 4015 2714 4088 nesi-ire
2738 4058 2757 4085 ,
2790 4016 2936 4094 quod
2968 4015 3205 4090 nesciam
3231 4060 3249 4086 ,

1798 4095 1932 4152 licet
1986 4093 2160 4166 vestro
2217 4109 2282 4147 ar
2320 4095 2505 4169 iernen
2549 4094 2981 4170 percontemini.
3012 4095 3085 4148 Et
3114 4087 3241 4148 sane

1835 4185 1917 4224 ua:
1955 4165 2060 4223 huc
2097 4161 2258 4242 affert·
2290 4159 2575 4219 Lambinus
2610 4159 2681 4218 de
2714 4160 3045 4220 cretionibus
3082 4159 3248 4220 here-

1799 4185 2032 4298 ditatum
2073 4277 2096 4304 ,
2141 4233 2349 4292 scilicet
2388 4231 2580 4289 heredi
2630 4231 2965 4290 cernendam
3000 4229 3110 4290 esse
3147 4231 3254 4290 he-

1808 4307 2093 4370 reditatem
2129 4306 2189 4365 in
2228 4303 2413 4362 diebus
2448 4321 2667 4360 centum
2724 4303 3026 4374 proximis,
3063 4303 3251 4376 quibus

1807 4377 2026 4446 scierit,
2063 4376 2411 4450 poteritque,
2450 4393 2564 4432 non
2589 4370 2749 4452 valde
2786 4371 2897 4432 huc
2930 4375 3251 4457 pertinent.

1805 4453 2008 4524 Neque
2043 4448 2192 4506 enim
2223 4488 2241 4512 ,
2278 4444 2560 4526 postquam
2596 4441 2826 4525 sciverit
2862 4465 2983 4518 quis
3016 4466 3253 4506 cernen-

1809 4523 1930 4580 dam
1967 4519 2079 4578 esse
2115 4517 2474 4578 hereditatem
2506 4558 2524 4583 ,
2577 4515 2803 4588 amplius
2842 4517 2999 4576 datur
3036 4536 3254 4590 tempo-

1809 4595 1917 4659 ris,
1955 4589 2158 4665 poffit,
2192 4607 2371 4648 necne
2407 4583 2603 4660 poffit.
2640 4591 2907 4648 Praetem
2942 4607 3058 4648 non
3098 4586 3245 4646 idem

1810 4666 1886 4725 est
1911 4661 2050 4736 scire
2089 4664 2148 4720 in
2188 4659 2431 4724 herede,
2483 4664 2540 4717 &
2588 4657 2727 4730 seire
2780 4658 2873 4719 hic
2910 4659 2969 4718 in
3008 4656 3247 4739 Crasso.

1811 4739 1958 4796 Nam
2006 4735 2068 4794 in
2119 4731 2324 4792 herede
2372 4731 2511 4800 scire
2560 4729 2638 4787 est
2676 4727 2911 4798 rescire,
2947 4745 3249 4808 certiorem

1809 4806 1932 4866 fieri
1965 4830 1980 4864 .·
2025 4825 2078 4864 at
2115 4803 2211 4864 hic
2248 4801 2475 4864 Crassus
2512 4825 2533 4860 .-
2564 4807 2653 4862 De
2688 4807 2758 4860 i‘e's
2792 4803 2949 4861 rebus
2974 4841 2994 4868 ,
3022 4815 3236 4878 inquit,

1814 4879 2014 4956 quibus
2041 4875 2257 4950 sciam,
2288 4887 2601 4949 poteroque:
2643 4872 2702 4930 id
2738 4871 2850 4943 est,
2890 4871 2957 4930 de
2994 4873 3095 4937 iit,
3132 4879 3251 4944 quie

1813 4971 1916 5028 ego
1955 4947 2264 5022 intelligam
2283 4986 2301 5005 .
2339 4953 2698 5023 anonymus.
