4359 6321
1197 482 1382 575 126
1876 476 2109 565 DE
2226 470 3194 567 ORAToRE

1070 598 1454 685 medeatur,
1503 593 1788 665 affliftos
1831 596 2145 672 excitem
2194 591 2375 661 lunc
2426 592 2493 657 in
2544 590 2839 661 minimis
2910 588 3423 682 tenuiffimisque
3472 588 3667 663 rebus
3716 595 3809 665 itu
3858 595 4037 682 labi,

1067 717 1140 770 ut
1191 698 1336 765 aliis
1387 696 1840 781 miserandum,
1895 696 2039 765 aliis
2092 691 2453 761 irridendus
2506 690 2625 761 effe
2680 692 3039 765 videatur?
3407 752 3415 759 ,

1169 799 1498 888 Equidem
1553 800 1996 893 propinquum
2047 789 2343 863 nostrum
2398 796 2468 860 P.
2508 794 2807 863 Crassum
2842 794 3043 863 illum
3082 795 3425 879 Divitem,
3474 798 3547 867 δι
3599 798 3834 864 multis
3885 796 4040 866 aliis

1063 902 1134 969 in
1192 898 1386 969 rebus
1439 903 1820 991 elegantem
1867 898 2211 969 hominem
2260 895 2334 965 ἀ
2390 908 2750 982 ornatum,
2798 898 2867 965 ὅ(
2930 896 3241 983 praecipue
3296 898 3360 961 in
3414 895 3541 965 hoc
3608 897 4031 967 efferendum

1066 1004 1136 1071 &
1198 1000 1608 1072 laudandum
1662 1016 1858 1089 puto,
1908 998 2123 1088 quod,
2174 1017 2337 1064 cum
2388 998 2457 1059 P.
2513 996 2827 1063 Scaevolae
2880 997 3074 1062 frater
3117 997 3311 1095 effer,
3361 994 3591 1065 solitus
3640 997 3733 1065 est
3772 1002 3841 1066 ei
3891 1020 4032 1089 per·

1064 1104 1224 1191 soepe
1277 1105 1494 1171 dicere
1534 1153 1555 1189 ,
1623 1120 1836 1188 neque
1886 1102 2084 1167 illuni
2133 1098 2207 1165 in
2281 1098 2421 1174 iure
2471 1097 2651 1163 civili
2707 1097 2861 1164 satis
2911 1098 3017 1163 illi
3066 1100 3189 1165 atti
3248 1098 3457 1165 facere
3504 1097 3711 1186 poffi,
3762 1100 3881 1169 nist
3934 1099 4031 1167 di-

1010 1204 1246 1271 .cendi
1295 1203 1548 1289 copiam
1605 1201 2062 1289 affumpfiss'et3
2139 1214 2163 1285 (
2206 1200 2386 1287 quod
2437 1196 2703 1287 quidem
2755 1200 2906 1283 hic,
2956 1198 3070 1288 qui
3122 1218 3385 1266 mecum
3434 1201 3667 1267 consul
3721 1199 3895 1285 fuit,
3951 1201 4030 1269 fi-

1057 1305 1190 1373 lius
1244 1303 1386 1381 eius
1442 1303 1532 1370 est
1579 1301 1972 1374 consecutus
2025 1316 2049 1388 )
2121 1320 2337 1390 neque
2395 1298 2455 1367 se
2508 1316 2660 1367 ante
2713 1297 2941 1367 causas
3012 1299 3385 1367 amicorum
3434 1302 3717 1373 trastare
3756 1354 3778 1386 ,
3829 1319 4035 1391 atque

1057 1422 1256 1496 agere
1305 1402 1599 1490 coepisse,
1657 1426 1860 1493 quam
1915 1406 2019 1482 ius
2073 1402 2271 1468 civile
2324 1400 2680 1469 didicisset.

1158 1502 1340 1590 Qid
1396 1524 1555 1571 vero
1609 1506 1723 1572 ille
1775 1508 1869 1573 M.
1922 1504 2154 1573 Cato?
2230 1523 2446 1571 nonne
2502 1504 2569 1571 ὅ(
2622 1502 2999 1590 eloquentia
3070 1516 3251 1568 tanta
3306 1501 3433 1569 fuit
3473 1553 3494 1586 ,
3542 1517 3865 1593 quantam
3916 1503 4033 1571 illa

1052 1620 1351 1692 tempora
1391 1656 1412 1690 ,
1483 1621 1678 1694 atque
1728 1606 1846 1673 illa
1901 1624 2054 1675 aetas
2101 1605 2172 1670 iu
2226 1604 2353 1674 hac
2423 1604 2685 1671 civitate
2736 1602 2909 1669 ferre
2962 1604 3331 1669 maximam
3401 1606 3607 1691 potuit
3649 1655 3671 1688 ,
3742 1607 3813 1675 &
3874 1606 4036 1684 iuris

1051 1706 1271 1775 civilis
1339 1708 1646 1775 omnium
1713 1708 2126 1795 peritissimus
2167 1708 2204 1768 ,ἓ
2279 1706 2740 1774 Verecundius
2806 1702 2932 1771 hac
3002 1701 3079 1769 de
3150 1724 3219 1769 re
3295 1704 3688 1782 jamdudum
3742 1704 4037 1793 loquor,

1052 1806 1225 1897 quod
1275 1806 1454 1879 adest
1502 1809 1600 1875 vi‘r
1655 1809 1722 1875 in
1774 1808 2049 1876 dicendo
2109 1806 2452 1892 summus,
2502 1827 2697 1894 quem
2751 1826 2880 1891 ego
2936 1824 3149 1869 unum
3199 1820 3535 1871 oratorem
3588 1807 3879 1872 maxime
3918 1803 4043 1871 ad-'

1050 1911 1302 1975 miror:
1357 1905 1466 1973 fied
1519 1924 1744 1975 tamen
1804 1910 1976 1977 idem
2027 1910 2150 1977 hoc
2207 1907 2457 1997 semper
2511 1908 2613 1985 jus
2664 1905 2858 1971 civile
2908 1905 3336 1991 contempsit.
3410 1908 3667 1971 Verum
3720 1907 4034 1993 quoniam

1051 2008 1434 2093 sententiae,
1482 2026 1682 2100 atque
1732 2012 2064 2097 opinionis
2115 2028 2275 2075 meae
2328 2006 2627 2075 voluistis
2674 2005 2797 2070 ess'e
2848 2005 3229 2091 participes,
3282 2002 3449 2069 nihil
3506 2004 3903 2095 occultabo3
3953 2010 4025 2079 &

1045 2109 1260 2198 quoad
1312 2126 1578 2196 poter0,
1637 2111 1818 2177 vobis
1865 2130 2238 2199 exponam,
2286 2109 2443 2198 quid
2494 2110 2575 2175 de
2626 2125 2885 2195 quaque
2940 2126 3015 2172 re
3066 2104 3385 2175 sentiam,
3706 2168 3711 2173 .

1151 2214 1544 2277 xxxviii.
1607 2212 1879 2280 Antonii
1953 2208 2351 2280 incredibilis
2418 2206 2718 2300 quaedam
2755 2259 2775 2292 ,
2826 2210 2897 2277 dc
2959 2228 3154 2293 prope
3206 2206 3553 2295 singularis
3595 2260 3614 2292 ,
3671 2210 3741 2279 ἀ
3799 2208 4033 2277 divina

1046 2311 1146 2381 vis
1197 2312 1448 2403 ingenii
1503 2312 1810 2401 videtur,
1857 2314 2116 2381 etiamsi
2165 2313 2292 2379 hac
2348 2311 2611 2377 scientia
2664 2308 2825 2385 juris
2881 2307 3125 2375 nudata
3180 2308 3253 2373 sit
3292 2359 3313 2391 ,
3382 2310 3543 2396 poffe
3598 2310 3791 2377 facile
3844 2329 4033 2380 caete-

1041 2414 1132 2479 ris
1207 2414 1406 2481 armis
1459 2414 1814 2499 prudentiae
1879 2414 2111 2481 causas
2165 2414 2331 2477 tueri
2404 2427 2600 2497 atque
2670 2404 3017 2480 defendere
3058 2456 3073 2472 .
3144 2409 3601 2490 Quamobrem
3672 2412 3781 2480 hic
3840 2414 4027 2485 nobis

1040 2514 1120 2579 fit
1169 2528 1544 2595 exceptus:
1621 2532 1884 2579 caeteros
1939 2534 2096 2579 vero
2163 2532 2297 2577 non
2354 2508 2659 2577 dubitabo
2711 2508 3002 2593 primum
3079 2511 3326 2577 inei-tire
3380 2512 3821 2581 condemnare
3880 2514 4023 2581 sen·

1042 2610 1244 2677 tentia
1297 2628 1442 2673 mea
1492 2660 1513 2695 ,
1563 2610 1698 2698 post
1749 2613 1950 2680 etiam
2001 2613 2417 2700 impudentiae
2454 2658 2475 2679 .
2524 2615 2705 2677 Nam
2773 2610 3051 2679 volitare
3098 2612 3171 2681 iu
3225 2612 3416 2697 foro,
3467 2614 3709 2683 haerere
3764 2618 3831 2682 in
3884 2619 4033 2696 jure

1044 2731 1119 2777 ac
1173 2726 1530 2797 praetorum
1567 2710 2066 2800 tribunalibus,
2115 2713 2361 2793 iudicia
2412 2714 2665 2801 privata
2718 2728 3125 2797 magnarum
3176 2733 3405 2779 rerum
3454 2715 3629 2783 obire
3668 2768 3689 2799 ,
3760 2720 3827 2785 in
3883 2721 4033 2807 qui·

1047 2808 1166 2878 bus
1219 2810 1378 2899 saepe
1429 2833 1561 2881 non
1611 2812 1693 2880 de
1749 2814 1964 2900 fatto,
2019 2814 2122 2881 sed
2175 2814 2257 2879 de
2306 2816 2608 2902 aequitate
2659 2830 2735 2875 ac
2790 2809 2935 2885 jure
2972 2827 3305 2894 certetur,
3365 2812 3603 2887 iastare
3656 2816 3827 2880 sein
3870 2838 4027 2885 cau-

1050 2912 1130 2978 sis
1182 2913 1811 3001 centumviralibm,
1862 2930 2106 3005 (49),
2154 2916 2221 2980 in
2272 2916 2505 3005 quibus
2560 2908 3037 2995 usucapionum
3096 2922 3351 2997 (50),
3401 2912 3762 2979 tutelarum
3818 2928 4032 3001 (51),

1043 3012 1496 3105 gentilitatum
1543 3028 1685 3105 (52
1719 3027 1786 3105 ),
1839 3020 2277 3105 agnationum
2312 3031 2455 3109 (53
2493 3031 2561 3105 2,
2614 3009 3079 3101 alluvionum,
3122 3012 3739 3086 circumluvionum
3780 3026 3925 3097 (54
3956 3028 3978 3103 )
4006 3068 4033 3101 ι

3724 3134 3921 3182 nexo·

1049 3313 4013 3358 Ἣ

1047 3363 3753 3390 ...n-..mm-

1095 3533 1275 3606 ·('49)
1313 3541 1378 3588 In
1419 3527 1595 3602 cwsss
1632 3533 2189 3600 centumviralibus)
2223 3534 2495 3594 Centum.

1050 3617 1157 3652 viri
1214 3617 1369 3675 erant
1423 3602 1664 3658 minores
1716 3603 1920 3670 judices
1974 3605 2114 3675 apud
2148 3609 2423 3666 Romanos
2460 3627 2491 3663 e

1051 3667 1272 3734 lingulis
1309 3667 1549 3729 tribubus
1587 3671 1712 3724 letti
1753 3673 1820 3727 ad
1857 3675 2153 3732 exercenda
2171 3677 2383 3744 privata
2422 3677 2491 3733 de

1051 3733 1212 3796 caulis
1248 3738 1478 3795 minoris
1515 3779 1532 3803 ,
1557 3757 1616 3797 ut
1655 3741 1952 3806 plurimum
1985 3784 2003 3810 ‚
2043 3747 2311 3801 momenti
2344 3747 2496 3814 judi-

1051 3809 1130 3866 cia
1163 3849 1182 3866 .
1233 3814 1411 3869 Porro
1447 3829 1602 3867 erant
1640 3811 1723 3866 illi
1763 3831 1981 3873 centum
2030 3814 2309 3887 quinque,
2344 3814 2491 3872 terni

1053 3879 1258 3939 scilicet
1273 3901 1340 3938 ex
1363 3885 1670 3954 unaquaque
1705 3883 1845 3938 tribu
1861 3905 1887 3950 ,-
1927 3883 2099 3941 tribus
2123 3902 2303 3942 autem
2334 3903 2491 3942 erant

1055 3951 1280 4020 triginta
1317 3953 1591 4026 quiiique5
1631 3970 1891 4020 attamen,
1937 3975 2046 4028 quo
2075 3951 2277 4013 facilius
2310 3957 2493 4016 norni-

1057 4041 1314 4082 narentur
1335 4066 1352 4092 ‚
1384 4025 1716 4082 centumviri
1737 4024 1863 4083 sunt
1889 4027 2187 4099 appellati.
2226 4027 2330 4085 His
2346 4047 2484 4100 prae·

1057 4091 1250 4154 fidebat
1288 4115 1533 4169 praetor,
1567 4113 1628 4152 ut
1661 4097 1964 4167 colligimus
2001 4119 2068 4156 ex
2091 4097 2278 4157 Plinio
2312 4101 2492 4172 junio-

1055 4184 1110 4222 re
1140 4206 1157 4230 ,
1188 4186 1283 4224 -ex
1321 4187 1429 4240 quo
1481 4167 1645 4226 etiam
1699 4167 2060 4242 intelligimus
2112 4173 2493 4230 centumviro-

1053 4255 1175 4366 {um
1209 4259 1494 4365 >tumetum
1527 4239 1596 4298 ad
1631 4259 1852 4302 centum
1883 4243 2160 4314 octoginta
2214 4241 2497 4303 excrevis-

1081 4327 1142 4364 e.
1181 4319 1214 4367 I
1250 4331 1369 4368 em.

1127 4383 1295 4461 (⁴50)
1329 4381 1779 4458 vsucapionum)
1813 4384 2102 4460 Usucapio
2126 4428 2142 4454 ‚
2190 4384 2303 4445 five
2328 4384 2494 4458 usus:-

1055 4469 1216 4532 capio
1249 4493 1268 4520 ,
1321 4446 1397 4514 est
1429 4459 1514 4536 jus
1549 4455 1851 4528 possidendi
1893 4500 1910 4524 ,
1962 4465 2018 4516 δε
2069 4457 2316 4532 capiendi
2373 4477 2497 4518 rem

1053 4521 1312 4599 aliquam,
1349 4547 1470 4601 quia
1506 4525 1625 4587 usus
1663 4527 1756 4586 illa
1795 4529 1938 4588 fuisti
1975 4550 2076 4605 pet·
2111 4551 2317 4590 eertum
2349 4550 2491 4590 tem-

1051 4613 1150 4667 pus
1203 4596 1324 4670 lege
1357 4599 1710 4660 constitutum
1738 4642 1757 4669 ,
1810 4621 2028 4676 eamque
2077 4601 2393 4676 possedisti.
2426 4613 2489 4662 1-

1052 4665 1208 4724 dem.

1083 4807 1096 4818 θ
1122 4743 1279 4812 (51)
1314 4741 1700 4802 Tutelamm]
1735 4744 1930 4805 Tutela
1979 4764 2006 4802 a
2057 4745 2259 4804 Servio
2306 4743 2499 4818 Sulpi-

1053 4827 1140 4869 rio
1175 4811 1437 4876 definitur
1459 4859 1476 4884 ,
1521 4816 1602 4874 vis
1637 4833 1694 4874 a:
1729 4818 1961 4890 potestas
2002 4816 2068 4874 in
2099 4819 2277 4890 capite
2312 4817 2487 4874 libero

1051 4881 1557 4961 &defendendum
1572 4905 1740 4955 cum,
1767 4888 1860 4962 qui
1897 4908 1996 4968 per
2031 4906 2249 4948 aetatcm
2284 4886 2340 4945 se
2368 4887 2492 4960 ipse

1047 4957 1342 5084 td'ete‘iffm
1377 4961 1568 5036 nequit
1601 4999 1621 5026 ‚
1653 4963 1770 5030 jure
1805 4959 1972 5019 civili
2007 4959 2126 5026 data
2159 4981 2221 5022 ac
2254 4959 2485 5036 perinis-

1073 5043 1100 5079 2
1122 5064 1136 5079 ·
1161 5047 1170 5054 ·
1245 5051 1360 5090 em.

1123 5102 1234 5170 (52
1259 5109 1284 5172 )
1322 5105 1772 5170 Gentils'tatum')
1806 5103 2111 5165 Gentilitas
2143 5103 2229 5168 est
2257 5105 2397 5165 ordo
2427 5109 2493 5164 &c

2592 3531 2757 3590 series
2794 3529 3117 3597 hominurn,
3154 3527 3251 3604 qui
3290 3527 3417 3586 sunt
3450 3547 3521 3587 ex
3556 3527 3743 3586 eadem
3792 3527 4025 3596 familia,

2591 3605 2788 3688 quique
2840 3603 2911 3660 ob
2962 3622 3077 3661 eam
3112 3601 3318 3660 causam
3364 3603 3481 3668 jura
3530 3603 3771 3682 quaedam
3824 3601 4025 3660 habent

2593 3676 2693 3734 libi
2731 3674 2995 3748 propriu
3035 3675 3187 3732 verbi
3226 3691 3423 3744 gratia,
3466 3673 3785 3732 hereditatis
3818 3675 4024 3734 adeun-

2594 3745 2677 3800 dae
2716 3786 2733 3810 ‚
2773 3743 3131 3816 sulcipieiidae
3168 3743 3389 3809 tutelae‚
3424 3749 3528 3803 δες.
3568 3747 3703 3804 Haec
3732 3765 3909 3805 autem
3942 3749 4029 3818 ju·

2595 3835 2651 3871 ra
2692 3835 2806 3872 uon
2844 3816 3165 3874 obtinebant
3194 3856 3211 3880 ,
3282 3834 3456 3886 neque
3490 3819 3805 3888 gentilitate
3836 3818 4028 3888 gaud&

2596 3885 2723 3965 ba-nt
2754 3882 2956 3964 „servi
2981 3927 2999 3952 ,
3033 3886 3216 3944 liberti
3244 3927 3263 3952 ,
3318 3887 3603 3954 libertini,
3634 3896 3688 3946 ὅ(
3728 3908 3902 3963 capite
3936 3889 4035 3946 di«

2592 3973 2789 4016 minuti
2822 3995 2841 4014 .
2880 3967 3061 4018 Cicero
3092 3963 3157 4016 in
3196 3964 3440 4032 Topicis.
3476 3961 3666 4018 Idem.

2665 4033 2823 4102 (53)
2876 4035 3328 4100 Agnationum)
3378 4033 3584 4100 Agunti
3640 4030 3820 4086 virilis
3869 4029 4030 4088 sexus

2592 4101 3005 4173 propinquitate
3038 4103 3211 4172 juncti
3250 4099 3371 4158 sunt
3392 4141 3410 4165 ,
3443 4101 3670 4173 quibus,
3700 4117 3759 4158 ut
3792 4101 4030 4170 gentili-

2594 4177 2722 4236 bus,
2756 4175 2983 4248 propria
3020 4177 3134 4245 jura
3172 4171 3336 4230 sunt.
3370 4171 3550 4228 Idem.

2668 4249 2821 4316 (54)
2862 4247 3279 4310 Alluvi'ontem,
3330 4244 3873 4308 circumluvionum)
3912 4241 4029 4300 Al-

2594 4315 2699 4374 luit
2750 4318 3056 4389 praedium,
3112 4317 3199 4376 vel
3236 4335 3450 4386 agrum,
3504 4315 3749 4380 fluvius,
3802 4313 4031 4389 quando

2594 4405 2798 4468 praeter
2853 4389 3007 4448 illum
3060 4392 3105 4446 it
3136 4415 3155 4448 .-
3208 4388 3547 4453 circumluit,
3582 4383 3799 4467 quando
3838 4403 4027 4466 toturn

2593 4459 2765 4518 instar
2802 4458 2991 4520 insulae
3026 4460 3201 4534 cingit
3234 4499 3251 4515 .
3302 4461 3543 4518 Alluvio
3566 4499 3585 4526 ,
3631 4477 3812 4532 inquit
3848 4455 4027 4534 Just!-

2590 4531 2785 4591 nianus
2836 4533 3021 4592 Inssit.
3074 4533 3170 4592 lib.
3205 4551 3295 4589 xi.
3330 4551 3445 4605 cap.
3498 4554 3542 4593 i.
3597 4531 3669 4600 est
3719 4537 4025 4587 incremen-

2588 4620 2712 4661 tum
2748 4603 2934 4661 latens
2950 4647 2965 4663 .
3009 4613 3104 4662 Per
3137 4605 3486 4663 alluvionem
3523 4619 3717 4662 autem
3767 4597 3833 4659 id
3862 4603 4031 4658 vide-

2588 4690 2685 4732 tur
2721 4674 2925 4742 adjici,
2966 4677 3109 4752 quod
3138 4683 3234 4736 iu
3258 4677 3547 4750 paulatim
3596 4675 3908 4746 adjicitur,
3952 4678 4049 4730 κε’

2587 4745 2895 4814 intelligere
2946 4767 3051 4808 non
3079 4748 3225 4878 papir
3256 4789 3273 4814 ,
3330 4765 3609 4826 quantum
3657 4766 3869 4828 quoquo
3902 4763 4033 4800 mo-

2584 4833 2766 4874 mento
2799 4829 3049 4892 tempores
3085 4841 3122 4878 a
3160 4824 3397 4890 iiciatur
3424 4861 3441 4877 .
3490 4829 3578 4882 Ex
3602 4819 3895 4882 ,alluvione
3931 4835 4034 4874 au-

2584 4907 2735 4955 tem,
2774 4895 2829 4946 δε
2866 4893 3313 4952 circumluvione
3346 4935 3369 4960 ‚
3426 4911 3588 4954 variae
3628 4885 4031 4952 controverfiae

2584 4957 2875 5042 nascuntur
2908 4981 2931 5028 ‚·
2989 4963 3147 5024 verbi
3176 4963 3347 5036 gratis
3386 5007 3408 5034 ,
3452 4963 3499 5025 {i
3551 4964 3637 5030 vis
3671 4961 3917 5026 fluminis
3950 4958 4035 5040 46

2584 5032 2795 5116 praedio
2834 5051 2927 5116 tuo
2964 5053 3169 5106 partem
3200 5035 3431 5116 aliquam
3461 5035 3799 5102 detraxerit,
3833 5038 3891 5090 ὅ(
3928 5048 4035 5090 νι-

2582 5105 2704 5165 cint
2746 5106 2969 5179 praedio.
3008 5107 3322 5176 adiunxerit
3344 5151 3366 5181 ,
3413 5112 3531 5180 cuja
3580 5107 3651 5169 fit
3686 5127 3747 5168 ea
3782 5123 3945 5237 plaga-:-
3978 5101 4032 5160 fi
